3367 4867
778 312 1000 371 ..43-

460 523 529 586 lab.
547 524 713 596 wop—25
737 546 782 579 Ξ
804 520 838 589 S.
856 522 969 585 Ae.11
988 526 1025 586 81
1053 547 1085 611 p.
1103 527 1358 607 asopo-amp

739 653 783 686 z
807 626 878 693 sch.
902 628 989 695 Ach.
1015 634 1065 696 93.

436 770 547 853 Myth.
572 780 608 836 et
630 770 726 840 Serv,
1088 775 1194 842 schol.
1218 777 1303 842 Ach.

300 917 332 958 v.
369 895 545 959 2ducens
918 920 949 962 v.
966 900 1005 962 10
1030 899 1174 966 trahens

300 1023 332 1065 v.
369 1000 508 1066 3enim
919 1027 949 1069 v.
967 1008 1005 1068 12
1031 1028 1096 1072 om.

300 1130 332 1172 v.
370 1111 467 1173 8est
490 1109 719 1175 vehementer
918 1133 948 1175 v.
966 1114 1005 1175 16
1029 1113 1257 1180 vehementer
1280 1124 1334 1179 est

300 1238 332 1279 v.
348 1218 386 1277 12
412 1213 540 1281 Priami
564 1214 708 1281 nomine
732 1216 776 1282 ad
802 1220 864 1282 Pa·
917 1241 948 1283 v.
963 1221 1005 1281 20
1029 1220 1073 1283 ad
1099 1220 1321 1285 Palamedem
1351 1217 1478 1287 Priami

419 1322 593 1391 lamedem
1036 1325 1179 1392 nomine

301 1452 333 1494 v.
353 1433 390 1494 13
415 1441 589 1497 secretum
917 1455 948 1498 v.
963 1436 1004 1496 22
1030 1445 1164 1500 certum

301 1560 333 1601 v.
353 1539 392 1600 15
416 1535 499 1604 iecit
523 1536 633 1603 occidi
919 1563 949 1606 v.
964 1544 1005 1606 23
1030 1539 1134 1607 iussit
1157 1539 1267 1607 occidi
1362 1550 1365 1557 '

302 1667 334 1709 v.
352 1647 391 1707 18
415 1641 452 1709 in
467 1643 618 1710 tentorio
641 1642 717 1710 eius
918 1671 949 1712 v.
963 1650 1005 1712 26
1030 1646 1066 1712 in
1091 1647 1166 1713 eius
1191 1646 1350 1715 tentoriis

304 1774 336 1816 v.
352 1754 527 1816 aaut—25
552 1761 755 1836 congruunt
889 1805 892 1838 ,
1037 1777 1103 1820 om.

402 1876 697 1965 ⁸Mythographus
726 1898 805 1942 cum
839 1898 962 1943 omnes
989 1879 1128 1944 fabulas
1164 1901 1243 1944 cum
1271 1876 1485 1945 Achilleidis·

303 1981 446 2049 scholiis
471 1994 706 2070 congruentes
729 1983 767 2050 in
792 1983 1053 2051 commentariis
1076 1984 1291 2071 Vergiliauis
1319 1984 1479 2052 invenire

304 2101 431 2177 posset,
455 2090 532 2157 sine
555 2092 627 2157 ulla
651 2090 874 2159 dubitatione
896 2094 994 2159 hunc
1010 2094 1124 2159 solum
1141 2104 1320 2160 auctorem
1336 2103 1479 2160 secutus

304 2208 366 2280 est,
389 2198 595 2286 praesertim
619 2221 699 2265 cum
723 2198 880 2287 quinque
903 2201 1041 2267 fabulas
1067 2199 1175 2267 etiarn
1196 2202 1240 2268 ab
1256 2202 1342 2268 Ach.
1356 2198 1481 2267 scholi-

305 2315 380 2370 asta
404 2316 564 2371 narratas
588 2316 680 2372 certe
704 2329 723 2372 e
746 2306 871 2374 Servio
894 2310 1067 2395 proiectas
1092 2330 1167 2374 esse
1183 2330 1290 2396 supra
1306 2307 1479 2375 evicerim.

305 2411 376 2479 Sed
400 2411 484 2498 quid
513 2413 556 2478 de
579 2413 646 2479 iab.
672 2417 746 2496 201,
774 2437 866 2500 quae
890 2436 970 2480 cum
994 2415 1100 2482 schol.
1124 2416 1209 2481 Aclr.
1233 2414 1349 2500 magis
1373 2436 1481 2500 quam

305 2540 385 2585 cum
408 2518 532 2587 Servio
556 2518 742 2607 conspirat,
772 2523 988 2586 censendum
1017 2523 1089 2588 est?
1136 2523 1236 2605 Quae
1265 2542 1481 2608 quamquam

304 2624 417 2714 primo
441 2628 568 2694 obtutu
592 2627 726 2694 scholia
749 2629 835 2694 Ach.
853 2650 992 2714 quoque
1009 2652 1029 2695 a
1047 2628 1310 2715 Mythographo
1326 2628 1477 2715 exscrip-

305 2743 342 2799 ta
365 2755 441 2799 esse
463 2733 647 2822 perspicue
676 2734 917 2801 demonstrare
944 2734 1094 2818 videtur,
1123 2746 1242 2800 tamen
1270 2734 1481 2822 persuadere

304 2839 392 2906 mihi
416 2862 486 2907 non
504 2841 630 2928 potuit,
655 2852 695 2908 ut
711 2866 732 2908 a
754 2840 932 2908 sententia
946 2863 1026 2907 mea
1049 2842 1259 2924 recederen1;
1284 2864 1367 2907 nam
1382 2841 1480 2906 fabu-

304 2948 376 3013 lam
406 2952 467 3012 201
499 2971 518 3014 e
551 2950 657 3015 schol,
691 2949 776 3015 Ach.
807 2948 954 3015 fluxisse
986 2959 1185 3037 propterea
1203 2971 1274 3015 non
1308 2946 1481 3030 existimo

305 3056 399 3141 quod
423 3056 544 3122 fabula
567 3057 787 3140 antecedens,
812 3079 902 3143 quae
926 3057 969 3122 de
986 3057 1173 3124 Palamede
1189 3056 1267 3142 agit
1282 3068 1318 3123 et
1334 3055 1377 3121 ab
1394 3055 1480 3121 Ach.

304 3161 494 3229 scholiasta
517 3162 553 3229 in
579 3165 703 3230 eodem
726 3163 860 3231 scholio
884 3176 1055 3248 narratur,
1080 3176 1180 3247 certe,
1204 3174 1366 3251 utsupra
1389 3186 1425 3251 p„
1438 3166 1480 3228 35

305 3269 553 3352 demonstravi,
578 3293 649 3336 non
667 3294 710 3337 ex
734 3271 801 3337 hoc
825 3270 967 3355 scholio,
991 3273 1053 3337 sed
1070 3294 1088 3336 e
1105 3270 1228 3339 Servio
1245 3270 1403 3337 derivata
1418 3281 1481 3337 est,

306 3379 432 3463 Itaque
448 3398 529 3442 cum
545 3380 644 3444 nulla
660 3378 915 3466 Mythographi
932 3379 1053 3445 {abula
1065 3377 1110 3443 ad
1125 3376 1332 3442 Achilleidis
1348 3376 1481 3443 scholia

306 3495 398 3550 certe
430 3484 543 3572 possit
575 3486 739 3569 revocari,
774 3508 846 3551 non
881 3497 942 3567 est,
978 3485 1073 3571 quod
1106 3485 1239 3551 iontem
1271 3506 1312 3550 ea
1344 3483 1482 3567 Mytho-

306 3592 443 3679 grapho
468 3594 622 3658 secundo
647 3593 754 3659 fuisse
777 3605 984 3661 statuamns.

678 3840 709 3897 b.
727 3841 772 3897 De
790 3840 953 3898 Thebaidis
970 3841 1103 3898 scholiis.

411 3949 467 4014 Ad
492 3947 599 4016 Statii
614 3947 833 4016 Thebaidem
850 3948 984 4015 scholia
1000 3947 1198 4035 antiquitus
1221 3950 1286 4015 sub
1304 3947 1481 4021 Lactantii

306 4054 438 4121 Placidi
466 4055 611 4122 nomine
639 4056 769 4122 tradita
797 4056 842 4122 ad
871 4066 1023 4122 aetatem
1051 4068 1209 4123 nostram
1236 4066 1481 4145 pervenerunt

305 4159 505 4229 Scholiasta
532 4161 592 4228 ille
616 4161 825 4235 Lactantius
854 4162 1016 4230 Placidus
1044 4162 1124 4250 quis
1151 4162 1258 4231 luerit
1284 4162 1482 4250 quibusque

305 4268 522 4355 temporibus
546 4269 675 4337 vixerit
697 4271 857 4337 nondum
881 4269 967 4336 satis
984 4280 1130 4338 constat.
1178 4269 1286 4337 Cuius
1309 4290 1484 4335 commen·
