3367 4867
651 346 872 408 ..35-

284 579 316 621 v.
334 557 376 618 20
399 555 447 619 Et
467 550 625 641 Iuppiter
647 556 786 623 caelum.
834 560 959 644 Neque
976 557 1124 624 verbum
1143 555 1227 623 huic
1242 578 1355 625 enun-

175 659 265 728 tiato
287 660 382 728 inest
401 681 517 747 neque
531 681 705 748 quasnam
720 662 846 729 mundi
862 673 980 750 partes
996 663 1102 731 ceteri
1118 666 1244 731 iratres
1258 675 1353 732 sorte

172 767 376 858 acceperint
389 778 560 835 narratur.
596 768 667 839 Sed
689 791 780 856 quae
803 769 1052 855 desideramus,
1075 770 1113 838 in
1129 775 1163 839 V
1184 771 1351 859 legimus:

175 873 226 945 Et
247 873 407 963 Iuppiter
434 877 579 959 caelum,
612 879 803 963 Neptunus
829 899 936 962 mare,
968 880 1071 945 Pluto
1101 887 1229 946 terram
1257 890 1352 946 sorte

174 981 358 1068 accepisse
406 981 502 1049 Hinc
524 982 633 1050 etiam
657 986 848 1071 Neptunus
868 985 1023 1052 secunda
1039 984 1165 1052 sortis.
1182 1038 1213 1054 ..
1259 987 1352 1055 Ocu·

174 1089 249 1154 lum
282 1087 416 1156 scribae
448 1114 469 1156 a
500 1088 615 1177 priore
647 1092 820 1158 vocabulo
848 1090 1008 1180 Neptuni
1037 1092 1082 1158 ad
1109 1092 1285 1180 posterius
1311 1093 1349 1159 in

173 1217 278 1262 versu
302 1195 502 1284 insequenti
523 1198 590 1263 sub
606 1195 667 1263 illo
682 1196 839 1284 positum
855 1200 1033 1265 aberrasse
1048 1199 1127 1265 luce
1143 1197 1270 1265 clarius
1286 1209 1348 1265 est.

281 1327 312 1369 v.
331 1307 461 1370 28-32
490 1303 776 1392 Mythographus
804 1315 869 1372 aut
897 1328 917 1372 e
940 1325 1063 1372 comm.
1088 1307 1133 1372 ad
1156 1306 1261 1393 Verg.
1286 1315 1349 1372 aut

173 1432 194 1475 e
224 1409 383 1497 Vergilio
421 1410 497 1500 ipso
536 1411 652 1479 verbis
690 1415 898 1501 plerumque
937 1412 1085 1482 servatis
1123 1412 1348 1500 exscripsisse

173 1514 327 1601 videtnr3
350 1518 401 1586 ita
424 1518 519 1586 enim
543 1522 648 1605 Verg.
672 1521 732 1586 Ae.
758 1523 847 1588 VIII
873 1526 938 1588 319
962 1544 1025 1608 sq.:

334 1658 471 1728 Primus
500 1663 543 1728 ab
568 1661 724 1730 aetherio
747 1663 848 1731 venit
869 1665 1046 1734 Saturnus
1070 1664 1243 1750 olympo,

333 1790 429 1835 anna
454 1768 549 1836 Iovis
571 1768 715 1857 fugiens
739 1780 775 1835 et
797 1769 919 1856 regnis
943 1772 1025 1837 exul
1050 1769 1232 1859 ademptis.

333 1877 370 1940 Is
394 1898 509 1962 genus
531 1875 683 1944 indocile
706 1900 746 1944 ac
770 1877 968 1964 dispersum
990 1875 1172 1945 montibus
1195 1877 1276 1943 altis

333 1981 530 2069 composuit
552 1984 721 2071 legesque
744 1983 842 2051 dedit
865 1981 1079 2070 Latiumque
1101 1982 1218 2050 vocari

331 2088 465 2173 maluit,
488 2088 545 2156 his
569 2088 736 2177 quoniam
758 2089 921 2158 latuisset
944 2100 1043 2157 tutus
1067 2088 1103 2156 in
1128 2088 1206 2157 oris.

278 2250 375 2318 Serv.
398 2252 493 2317 Ae.1
518 2254 550 2316 6:
598 2249 742 2322 Latium
765 2263 886 2319 autem
910 2251 1045 2318 dictum
1068 2262 1130 2335 est,
1158 2252 1251 2338 quod
1274 2250 1347 2318 illic

169 2356 347 2424 Saturnus
374 2356 526 2423 latuerit.
572 2356 743 2426 Similiter
772 2360 866 2446 apud
893 2360 990 2429 Serv.
1014 2362 1074 2426 Ae.
1100 2362 1189 2428 VIII
1213 2364 1278 2426 322
1310 2370 1347 2428 et

170 2465 275 2530 schol.
302 2466 384 2535 Luc.
410 2468 479 2531 19.

330 2682 396 2744 iub.
413 2683 518 2754 4‚³—⁴
545 2681 584 2744 cl.
602 2679 635 2747 S.
653 2680 713 2744 Ae.
730 2681 819 2747 VIII
837 2682 879 2743 84
903 2699 934 2763 p.
952 2683 1064 2760 211,o.

276 2826 308 2869 v.
325 2807 345 2867 6
368 2830 413 2863 =
428 2804 461 2872 S.
475 2806 537 2870 Ae.
546 2806 598 2871 IV
611 2808 666 2869 45:
683 2806 821 2870 Iunone
836 2855 842 2869 .
859 2857 865 2871 .
883 2856 889 2868 .
907 2825 997 2889 quae
1009 2814 1148 2890 praeest
1160 2802 1344 2890 coniugiis.

329 3021 397 3084 fab.
415 3022 569 3096 lsai-³1
590 3016 710 3084 elibro
722 3018 985 3105 mythographo
1001 3020 1159 3107 prolecta
1175 3030 1237 3101 est,
1254 3022 1294 3085 cl.
1308 3019 1342 3088 S.

167 3125 231 3191 Ae.
257 3126 352 3190 122:
392 3123 507 3191 dictae
534 3137 619 3192 sunt
652 3129 781 3192 Parcae
807 3127 888 3191 κατὰ
916 3128 1108 3211 ἀντίφρασιν,
1136 3127 1230 3212 quod
1253 3127 1342 3197 nulli

168 3242 325 3315 parcant.
395 3230 549 3318 Philarg.
577 3233 716 3318 explan.
745 3233 821 3303 Ecl.
851 3235 902 3299 IV
941 3238 996 3298 47:
1044 3235 1182 3319 Parcae}
1219 3232 1255 3299 id
1289 3245 1345 3300 est

166 3340 295 3405 Parcas
326 3342 407 3405 κατὰ
435 3342 621 3424 ἀντίφρασιν
653 3342 856 3426 appellatas,
896 3340 990 3427 quod
1018 3338 1164 3405 minime
1186 3353 1342 3425 parcant,

169 3466 256 3530 quas
291 3456 361 3512 tres
400 3469 475 3513 esse
509 3448 687 3514 volerunt:
735 3469 853 3530 unam,
893 3468 983 3532 quae
1017 3445 1129 3513 vitam
1156 3444 1342 3512 hominurn

166 3550 316 3635 ordinat,
355 3555 510 3637 alteram,
549 3576 639 3641 quae
679 3553 843 3636 contexit,
884 3551 1032 3636 tertiam,
1071 3573 1161 3638 quae
1198 3552 1341 3638 rumpit.

163 3660 284 3728 Schol.
310 3663 395 3733 Luc.
422 3662 457 3726 II
485 3665 524 3726 15
548 3664 654 3748 paulo
679 3659 831 3747 amplius
855 3662 899 3726 de
923 3658 1036 3726 tribus
1058 3657 1141 3725 latis
1165 3657 1250 3744 agit.

274 3792 307 3835 v.
333 3773 374 3833 27
398 3793 419 3834 a
436 3771 546 3856 poetis
570 3772 648 3852 RV,
673 3768 767 3855 quod
790 3768 892 3834 abest
915 3790 936 3834 a
959 3766 1103 3835 scholio

272 3875 329 3940 Ad
353 3900 385 3942 v.
411 3881 450 3942 31
490 3877 667 3942 Baehrens
707 3878 813 3947 PLM
853 3877 886 3943 V
925 3879 989 3941 388
1028 3875 1189 3942 adnotat:
1252 3874 1342 3959 „Hic

165 4002 298 4064 versus,
335 3983 395 4068 qui
423 4005 485 4069 per
515 3981 671 4049 medium
702 4004 830 4050 aevum
861 3981 898 4048 in
930 3980 1065 4048 deliciis
1095 3981 1171 4064 luit,
1211 3980 1343 4068 legitur

164 4088 202 4154 in
227 4091 303 4157 cod.
328 4090 529 4159 Burneiano
553 4095 617 4156 224
641 4113 730 4158 saec.
755 4093 846 4156 XIII
871 4113 905 4177 p.
923 4094 987 4157 358
1011 4100 1047 4155 et
1071 4087 1229 4155 Parisino
1253 4092 1340 4155 4126

161 4216 253 4262 saec.
278 4199 369 4262 XIII
393 4198 452 4267 lol.
480 4203 572 4264 104.“
624 4202 663 4270 L.
692 4196 834 4265 Traube
865 4197 909 4283 (Ο
939 4200 1053 4265 Roma
1081 4195 1218 4278 nobilis,
1247 4195 1341 4263 auh.

7 4308 8 4333 ¹
135 4303 279 4371 =Akart
309 4302 450 4372 Miinch.
481 4308 497 4369 I
527 4306 576 4374 Cl.
606 4309 696 4370 XIX
725 4306 787 4374 Bd.
817 4309 836 4368 2
862 4304 944 4373 Abt.
974 4326 1007 4390 p.
1033 4308 1108 4372 309.
1137 4304 1216 4389 392)
1243 4303 1342 4368 hunc
