3367 4867
689 973 910 1055 Praelatio.

326 1153 609 1240 Mythographos
632 1151 782 1224 Latinos
810 1162 881 1219 tres
908 1152 945 1218 in
970 1151 1188 1220 Bibliotheca
1215 1153 1391 1222 Vaticana

215 1268 370 1347 repertos
393 1258 528 1347 primus
550 1260 739 1344 Angelus
764 1259 931 1347 Maius¹)
955 1258 992 1325 in
1016 1262 1131 1326 lucem
1154 1259 1265 1326 edidit
1282 1259 1391 1327 nullis

214 1366 286 1432 fere
308 1365 599 1456 adnotationibus
628 1365 757 1433 criticis
781 1365 928 1433 adiectis
951 1388 1067 1454 neque
1090 1365 1251 1434 codicum
1273 1366 1391 1435 verbis

215 1483 377 1539 accurate
399 1473 556 1541 servatis.
603 1477 685 1563 Ipse
712 1473 808 1540 enim
830 1473 869 1539 in
892 1474 998 1562 praei.
1026 1498 1058 1562 p.
1082 1476 1169 1542 XVI
1198 1472 1390 1541 nonnullos

214 1580 309 1646 locos
337 1581 499 1648 consulto
527 1603 565 1647 se
587 1580 794 1647 immutasse
817 1591 981 1648 testatur:
1016 1582 1134 1665 „Quos
1158 1581 1389 1669 (selectores)

215 1684 323 1753 etiam
345 1686 433 1752 illud
461 1709 533 1754 non
558 1688 679 1754 celabo
706 1709 764 1754 me
786 1687 953 1755 videlicet
980 1688 1161 1776 complura
1185 1689 1390 1775 Mythogra·

214 1792 367 1880 phorum
393 1794 521 1860 horum
550 1794 733 1878 vocabula,
756 1816 856 1881 quae,
887 1805 928 1862 ut
950 1794 994 1861 fit
1020 1793 1058 1860 in
1082 1794 1225 1861 ethnica
1251 1796 1390 1880 mytho·

213 1899 319 1986 logia,
342 1900 480 1989 pudicis
503 1899 648 1968 auribus
675 1899 872 1988 ingratiora
895 1900 1113 1986 accidissent,
1137 1900 1390 1989 euphemismis

215 2006 496 2091 commutavisse,
515 2018 712 2095 ¹utcumque
727 2009 841 2075 {erent
856 2030 898 2075 ea
913 2009 988 2075 fata
1001 2008 1183 2076 minores“
1220 2008 1291 2076 Sed
1307 2031 1388 2077 cum

215 2112 331 2180 Maius
360 2114 534 2181 vocabula
562 2138 585 2182 a
606 2136 644 2181 se
670 2125 809 2182 mutata
836 2115 983 2182 definite
1010 2114 1213 2202 significare
1239 2127 1390 2204 praeter-

213 2220 342 2304 mittat,
372 2220 565 2288 editionem
589 2219 665 2289 eius
692 2244 813 2290 veram
837 2220 998 2288 codicum
1020 2222 1275 2290 Vaticanorum
1305 2221 1391 2290 ima·

215 2326 336 2413 ginem
369 2350 441 2394 non
472 2329 639 2417 praebere
671 2340 824 2416 apparet.
873 2328 973 2395 Idem
1003 2329 1040 2396 in
1074 2330 1221 2397 alteram
1249 2353 1390 2418 quoque

215 2434 560 2522 Mythographorum
587 2433 780 2503 editionem
808 2435 902 2502 cadit
930 2435 1043 2504 tribus
1075 2436 1146 2503 iam
1173 2436 1278 2504 annis
1308 2448 1391 2525 post

215 2562 237 2607 a
264 2540 306 2608 G.
332 2543 377 2607 H.
401 2540 563 2630 Bodi02)
595 2542 838 2625 constitutam3
876 2542 936 2608 hic
963 2542 1059 2609 enim
1086 2543 1265 2610 codicibus
1292 2543 1391 2611 Vati·

215 2646 313 2714 canis
340 2669 413 2714 non
440 2646 619 2739 inspectis,
646 2671 738 2736 quae
766 2647 883 2715 Maius
911 2648 1075 2715 emiserat
1105 2649 1234 2715 iterum
1260 2648 1388 2715 litteris

213 2753 407 2838 mandavit,
430 2777 511 2821 cum
533 2757 673 2822 nullum
696 2754 802 2838 aliud,
833 2766 876 2821 ut
896 2753 973 2843 ipse
996 2754 1122 2844 dicit,³)
1146 2766 1253 2843 atque
1268 2754 1391 2823 editio·

214 2859 272 2927 nis
300 2863 484 2930 Romanae
509 2860 716 2929 necessariis
742 2864 799 2930 vel
828 2873 922 2929 certe
949 2861 1097 2930 utilibus
1127 2861 1389 2930 commentariis

215 2969 260 3034 ad
287 2989 362 3035 rem
388 2968 503 3058 ipsam
526 2968 786 3058 pertinentibus
809 2970 997 3056 augendae
1019 2969 1052 3036 ei
1075 2981 1169 3037 esset
1188 2969 1389 3053 consilium;

216 3074 277 3140 sed
305 3074 434 3141 fabulis
460 3097 595 3162 magna
622 3075 765 3163 quidem
792 3099 837 3143 ex
864 3087 965 3164 parte
993 3098 1074 3143 cum
1100 3074 1187 3142 locis
1215 3074 1388 3143 similibus

216 3180 353 3248 collatis
367 3181 427 3249 hic
448 3181 521 3249 illic
537 3182 623 3250 Maii
647 3192 785 3250 textum
808 3183 996 3250 emendare
1012 3193 1160 3250 conatus
1183 3195 1244 3250 est
1263 3186 1389 3250 Postea

214 3308 319 3354 nemo
340 3289 421 3373 fere,
444 3288 474 3355 si
491 3288 691 3356 discesseris
714 3313 735 3356 a
758 3290 941 3356 nonnullis
956 3288 1041 3358 viris
1065 3289 1186 3374 doctis,
1210 3288 1270 3377 qui
1287 3288 1388 3376 quasi

215 3392 252 3459 in
276 3394 429 3462 transitu
453 3395 673 3483 strictimque
699 3397 793 3464 hanc
820 3396 1006 3463 materiam
1033 3394 1225 3482 tetigerint,
1247 3395 1285 3461 in
1313 3417 1389 3484 per-

216 3501 414 3570 scrutandis
430 3503 560 3571 nostris
583 3503 713 3572 fabulis
736 3504 935 3571 accuratius
957 3515 1012 3570 est
1034 3515 1202 3571 versatus.
1239 3504 1389 3570 Duobus

216 3607 358 3675 demum
390 3609 521 3676 abhinc
552 3611 656 3678 annis
685 3610 892 3678 Ricardus
920 3611 1103 3697 Schulz⁴)
1133 3609 1387 3697 Mythographi

326 3806 350 3889 ¹)
375 3810 577 3869 Classicornm
613 3820 771 3871 anctorum
806 3830 824 3868 e
853 3811 1008 3870 Vaticanis
1043 3812 1202 3870 codicibus
1236 3812 1387 3870 editorum

214 3902 289 3960 tom.
306 3896 349 3955 111
372 3918 402 3975 p.
421 3899 550 3960 1-277
574 3908 606 3958 et
627 3921 657 3977 p.
674 3899 861 3970 sos-³74,
883 3901 1000 3959 Romae
1027 3898 1121 3962 1831.

324 3985 350 4064 ²)
374 3987 541 4066 Scriptores
564 4008 663 4048 rernm
687 3989 886 4065 mythicamm
909 3989 1008 4047 Latini
1031 3997 1101 4058 tres,
1124 3989 1217 4048 Cellis
1243 3987 1338 4050 1834.

327 4073 354 4150 ³)
377 4075 461 4136 Gdtt.
477 4081 534 4154 gel.
550 4081 622 4140 ΑΜ.
642 4077 727 4140 1883
750 4075 894 4155 p.1882.

215 4251 281 4311 sa
301 4159 421 4316 13⁰?
456 4168 669 4244 Mythographi
704 4167 846 4225 Vaticani
883 4167 972 4243 primi
1003 4165 1146 4237 fontibus,
1191 4166 1270 4225 Diss.
1301 4165 1389 4225 Halls

1284 4393 1295 4446 l
