3367 4867
771 315 991 375 ..40-

405 523 540 607 Quodsi
564 528 630 591 lab.
652 528 831 601 wilm—3⁶
857 546 937 590 cum
961 524 1030 590 sch.
1055 523 1140 589 Ach.
1165 527 1229 590 397
1258 546 1289 611 p.
1308 528 1470 606 50⁰,r-n

299 631 498 715 contuleris,
521 630 633 698 maior
657 652 849 697 consensus
872 631 965 697 inter
981 630 1286 718 Mythographum
1310 641 1346 698 et
1366 631 1473 697 schol.

297 737 382 805 Ach.
413 760 488 805 esse
517 738 658 805 videtur
686 759 792 824 quam
827 736 919 805 inter
952 738 1257 824 Mythographum
1284 748 1320 804 et
1353 738 1387 807 S.
1412 740 1473 804 Ae.

297 849 332 911 X
357 850 407 911 91.
438 850 479 910 92
502 869 533 933 p.
552 849 816 929 396,24-397‚1⁴.
863 847 912 912 At
939 845 1007 911 hoc
1035 844 1193 911 scholion
1223 845 1308 911 Ach.
1333 866 1404 911 non
1427 846 1474 911 ad

297 951 460 1019 Servium
481 951 571 1019 redit
595 951 797 1039 (scholiasta
814 951 909 1018 enim
925 951 996 1018 iam
1019 974 1125 1041 supra
1149 951 1185 1018 in
1207 952 1313 1018 schol.
1330 955 1369 1017 21
1396 952 1475 1021 Ser-

296 1057 396 1124 vium
424 1059 675 1147 exscripserat),
704 1059 765 1125 sed
794 1061 839 1125 ad
868 1058 976 1125 alium
1001 1058 1293 1126 commentarium
1321 1059 1365 1124 ad
1390 1061 1476 1126 Ver-

296 1163 372 1251 gilii
406 1165 561 1233 carmina
594 1164 832 1253 conscriptum
862 1166 1098 1233 revocandum
1135 1176 1200 1247 est,
1235 1177 1276 1232 ut
1310 1188 1355 1231 ne
1389 1165 1476 1232 hinc

296 1272 439 1359 quidem
462 1273 652 1360 quicquam
675 1271 787 1358 possit
810 1272 958 1360 probari.

456 1561 524 1625 lab.
542 1561 602 1624 201
630 1554 775 1644 propius
791 1558 836 1622 ad
853 1558 959 1624 schol.
977 1558 1062 1624 Ach.
1081 1563 1122 1624 93
1143 1583 1174 1647 p.
1192 1562 1340 1638 492,1-⁵
1365 1580 1475 1645 quam

296 1664 340 1730 ad
369 1664 464 1732 Serv.
494 1672 553 1730 Ae.
584 1667 636 1729 XI
667 1667 732 1728 260
761 1687 792 1751 p.
822 1668 1002 1747 508‚24—20
1040 1664 1181 1732 accedit
1234 1667 1367 1733 Omnes
1402 1676 1474 1732 tres

296 1770 504 1838 adscribam:
1002 1770 1008 1786 ’

344 1951 450 2016 schol.
466 1952 552 2017 Ach.
570 1955 611 2017 93
757 1953 868 2036 Myth.
886 1955 921 2016 11
947 1955 1007 2016 201
1153 1952 1187 2020 S.
1204 1953 1263 2016 Ae.
1280 1955 1332 2016 XI
1359 1957 1423 2017 260

340 2075 459 2141 Huius
468 2085 569 2163 pater
578 2098 667 2141 mor·
741 2074 938 2142 Palamedis
951 2087 1070 2142 autem
1144 2076 1330 2164 Nauplius,
1376 2079 1474 2144 Pala-

293 2193 365 2247 tem
382 2182 504 2247 dolens
521 2181 667 2270 Naupli·
694 2193 794 2269 pater
885 2182 1070 2270 Nauplius,
1098 2182 1211 2248 medis
1227 2194 1335 2270 pater,
1348 2184 1473 2250 dolens

293 2309 335 2353 us
344 2286 666 2354 nominereverten-
696 2289 910 2373 Amymones
927 2299 962 2355 et
978 2292 1071 2376 Nep·
1098 2288 1213 2355 lilium
1242 2312 1347 2355 suum
1373 2291 1473 2357 iacti-

294 2392 388 2461 tibus
417 2393 562 2460 Graecis
585 2404 666 2481 post
695 2395 772 2462 tuni
789 2394 1070 2480 filiusiiliimor-
1098 2419 1166 2462 one
1211 2395 1472 2485 interemptum,

293 2501 444 2568 deletam
521 2499 665 2567 Troiam
695 2515 729 2570 te
752 2504 876 2569 dolens
896 2514 1070 2571 reverteri·
1098 2503 1199 2570 utin
1226 2505 1380 2571 secundo
1403 2526 1475 2570 me·

292 2610 666 2698 tempestatelaboran-
694 2609 789 2677 tibus
817 2610 962 2677 Graecis
989 2621 1070 2700 post
1097 2610 1322 2694 moravimus,
1392 2633 1473 2677 cum

292 2715 387 2784 tibus
415 2728 572 2783 montem
604 2718 666 2784 Ca·
694 2718 844 2785 deletam
926 2717 1070 2785 Troiam
1098 2717 1234 2784 videret
1317 2719 1472 2784 Graecos

291 2824 463 2911 phareum
507 2814 666 2891 ascendit
694 2827 1069 2913 tempestatelaboran-
1098 2836 1307 2914 tempestate
1378 2825 1474 2891 labo-

292 2941 328 2997 et
351 2933 443 2998 elata
458 2931 574 2996 iacula
597 2930 666 3015 sig·
694 2932 789 2998 tibus
816 2944 974 2999 montem
1008 2935 1070 3000 Ca·
1097 2954 1181 3016 rare,
1216 2943 1375 2998 montem
1410 2931 1473 2997 Ca-

291 3057 378 3102 num
418 3037 515 3104 dedit
557 3035 665 3104 vicini
694 3038 866 3125 phareum
910 3040 1068 3107 ascendit
1096 3039 1267 3127 phareum
1314 3036 1474 3106 ascendit

291 3155 421 3232 portus,
462 3145 541 3227 Qua
557 3165 594 3208 re
610 3145 667 3210 de·
694 3155 730 3210 et
753 3145 846 3210 elata
862 3146 978 3212 facula
998 3147 1069 3234 sig·
1096 3158 1131 3213 et
1155 3148 1247 3213 elata
1271 3147 1386 3213 facula
1402 3144 1472 3230 sig-

293 3248 384 3337 cepti
419 3262 504 3317 sunt
539 3252 665 3319 Graeci
694 3272 780 3316 num
824 3251 922 3317 dedit
959 3253 1067 3320 vicini
1095 3275 1182 3319 num
1229 3251 1326 3320 dedit
1363 3249 1471 3318 vicini

291 3368 326 3423 et
349 3377 411 3445 per
430 3356 578 3425 rimosos
594 3382 666 3426 sco·
693 3369 823 3445 portus
877 3359 983 3427 Unde
1010 3363 1067 3427 de·
1095 3373 1227 3448 portus,
1256 3382 1386 3447 quare
1414 3359 1472 3424 de-

290 3465 664 3552 pulospertulerenau-
694 3464 785 3553 cepti
832 3466 959 3533 Graeci
1005 3490 1068 3556 per
1095 3467 1187 3556 cepti
1222 3478 1307 3533 sunt
1345 3464 1472 3533 Graeci

290 3571 411 3658 fragia.
691 3570 838 3640 rimosos
904 3577 1067 3662 scopulos
1095 3585 1131 3640 et
1153 3573 1246 3640 inter
1262 3572 1471 3662 asperrimos

691 3681 866 3768 pertulere
928 3683 1067 3748 naufra—
1095 3683 1258 3770 scopulos
1293 3677 1472 3765 naufragi-

692 3786 759 3873 gia.
1094 3809 1154 3853 um
1178 3788 1406 3874 pertulerunt.

398 4053 554 4121 Omnino
570 4078 653 4122 vcro
678 4079 698 4120 a
722 4053 852 4121 nostris
868 4053 1011 4120 scholiis
1027 4053 1209 4124 Servianis
1225 4058 1364 4139 absunt,
1381 4076 1472 4140 quae

291 4159 328 4228 in
358 4161 425 4229 lab.
455 4166 629 4246 lanu-13
663 4166 855 4245 135,22-2⁴;
888 4166 1080 4244 136,⁴2—n;
1117 4166 1181 4228 205
1210 4162 1372 4249 legimus
1401 4160 1471 4227 nisi

296 4269 389 4357 quod
412 4268 449 4335 in
474 4271 647 4336 nonnulla
670 4266 823 4355 vestigia
848 4270 942 4356 apud
966 4266 1130 4337 Servium
1153 4268 1375 4336 incurrimus:
