<?xml version="1.0" encoding="UTF-8"?>
<!DOCTYPE html PUBLIC "-//W3C//DTD XHTML 1.0 Transitional//EN"
    "http://www.w3.org/TR/xhtml1/DTD/xhtml1-transitional.dtd">
<html xmlns="http://www.w3.org/1999/xhtml" xml:lang="en" lang="en">
 <head>
  <title>
</title>
<meta http-equiv="Content-Type" content="text/html;charset=utf-8" />
  <meta name='ocr-system' content='tesseract 3.04.00' />
  <meta name='ocr-capabilities' content='ocr_page ocr_carea ocr_par ocr_line ocrx_word'/>
</head>
<body>
  <div class='ocr_page' id='page_1' title='image "./demythographiva00kesegoog_0156.png"; bbox 0 0 3367 4867; ppageno 0'>
   <div class='ocr_carea' id='block_1_1' title="bbox 745 232 989 294">
    <p class='ocr_par' dir='ltr' id='par_1_1' title="bbox 745 232 989 294">
     <span class='ocr_line' id='line_1_1' title="bbox 745 232 989 294; baseline 0.004 -1"><span class='ocrx_word' id='word_1_1' title='bbox 745 232 989 294; x_wconf 81' lang='lat'>-142-</span> 
     </span>
    </p>
   </div>
   <div class='ocr_carea' id='block_1_2' title="bbox 272 439 1455 849">
    <p class='ocr_par' dir='ltr' id='par_1_2' title="bbox 272 439 1455 849">
     <span class='ocr_line' id='line_1_2' title="bbox 272 439 864 526; baseline 0.002 -22"><span class='ocrx_word' id='word_1_2' title='bbox 272 439 342 505; x_wconf 77' lang='lat' dir='ltr'>fab.</span> <span class='ocrx_word' id='word_1_3' title='bbox 370 443 542 506; x_wconf 83' lang='lat'>134-138</span> <span class='ocrx_word' id='word_1_4' title='bbox 568 441 622 505; x_wconf 94' lang='lat' dir='ltr'>De</span> <span class='ocrx_word' id='word_1_5' title='bbox 646 439 864 526; x_wconf 83' lang='lat' dir='ltr'>Argonautis</span> 
     </span>
     <span class='ocr_line' id='line_1_3' title="bbox 368 545 1455 632; baseline 0.006 -22"><span class='ocrx_word' id='word_1_6' title='bbox 368 550 540 612; x_wconf 78' lang='lat'><strong>139-143</strong></span> <span class='ocrx_word' id='word_1_7' title='bbox 566 545 740 613; x_wconf 89' lang='lat' dir='ltr'>Homines</span> <span class='ocrx_word' id='word_1_8' title='bbox 768 546 941 614; x_wconf 82' lang='lat' dir='ltr'>scelerati:</span> <span class='ocrx_word' id='word_1_9' title='bbox 978 546 1112 630; x_wconf 89' lang='lat' dir='ltr'>Pontia,</span> <span class='ocrx_word' id='word_1_10' title='bbox 1148 549 1313 632; x_wconf 69' lang='lat' dir='ltr'>Amycus</span> <span class='ocrx_word' id='word_1_11' title='bbox 1348 552 1455 620; x_wconf 88' lang='lat' dir='ltr'>Lem·</span> 
     </span>
     <span class='ocr_line' id='line_1_4' title="bbox 437 651 944 740; baseline 0.002 -22"><span class='ocrx_word' id='word_1_12' title='bbox 437 651 568 736; x_wconf 86' lang='lat' dir='ltr'>niades,</span> <span class='ocrx_word' id='word_1_13' title='bbox 593 651 759 728; x_wconf 88' lang='lat' dir='ltr'>Phineus,</span> <span class='ocrx_word' id='word_1_14' title='bbox 785 653 944 740; x_wconf 86' lang='lat' dir='ltr'>Oedipus</span> 
     </span>
     <span class='ocr_line' id='line_1_5' title="bbox 369 758 1453 849; baseline 0.005 -26"><span class='ocrx_word' id='word_1_15' title='bbox 369 764 542 825; x_wconf 78' lang='lat'>144-147</span> <span class='ocrx_word' id='word_1_16' title='bbox 567 758 734 848; x_wconf 85' lang='lat' dir='ltr'>Virgines</span> <span class='ocrx_word' id='word_1_17' title='bbox 749 762 872 827; x_wconf 82' lang='lat' dir='ltr'>fortes:</span> <span class='ocrx_word' id='word_1_18' title='bbox 898 762 1071 845; x_wconf 75' lang='lat' dir='ltr'>Atalanta,</span> <span class='ocrx_word' id='word_1_19' title='bbox 1089 762 1299 847; x_wconf 83' lang='lat' dir='ltr'>Harpalyce,</span> <span class='ocrx_word' id='word_1_20' title='bbox 1316 759 1453 849; x_wconf 92' lang='lat' dir='ltr'>Hippo-</span> 
     </span>
    </p>
   </div>
   <div class='ocr_carea' id='block_1_3' title="bbox 315 865 1453 4281">
    <p class='ocr_par' dir='ltr' id='par_1_3' title="bbox 315 865 1453 4281">
     <span class='ocr_line' id='line_1_6' title="bbox 436 865 552 932; baseline -0.009 0"><span class='ocrx_word' id='word_1_21' title='bbox 436 865 552 932; x_wconf 90' lang='lat' dir='ltr'>damia</span> 
     </span>
     <span class='ocr_line' id='line_1_7' title="bbox 369 974 1110 1058; baseline 0.003 -20"><span class='ocrx_word' id='word_1_22' title='bbox 369 977 542 1039; x_wconf 77' lang='grc'>148-166</span> <span class='ocrx_word' id='word_1_23' title='bbox 567 974 732 1040; x_wconf 87' lang='lat' dir='ltr'>Herculis</span> <span class='ocrx_word' id='word_1_24' title='bbox 755 986 862 1057; x_wconf 87' lang='lat' dir='ltr'>ortus,</span> <span class='ocrx_word' id='word_1_25' title='bbox 886 975 992 1058; x_wconf 90' lang='lat' dir='ltr'>athla,</span> <span class='ocrx_word' id='word_1_26' title='bbox 1014 996 1110 1040; x_wconf 92' lang='lat' dir='ltr'>mors</span> 
     </span>
     <span class='ocr_line' id='line_1_8' title="bbox 369 1065 1024 1167; baseline 0.003 -23"><span class='ocrx_word' id='word_1_27' title='bbox 369 1065 541 1146; x_wconf 69' lang='lat' dir='ltr'>lot-182</span> <span class='ocrx_word' id='word_1_28' title='bbox 567 1080 741 1148; x_wconf 88' lang='lat' dir='ltr'>Homines</span> <span class='ocrx_word' id='word_1_29' title='bbox 766 1080 1024 1167; x_wconf 83' lang='lat' dir='ltr'>transfigurati:</span> 
     </span>
     <span class='ocr_line' id='line_1_9' title="bbox 436 1187 1179 1255; baseline 0.003 -3"><span class='ocrx_word' id='word_1_30' title='bbox 436 1187 591 1253; x_wconf 88' lang='lat' dir='ltr'>Phorcus</span> <span class='ocrx_word' id='word_1_31' title='bbox 615 1199 650 1253; x_wconf 90' lang='lat' dir='ltr'>et</span> <span class='ocrx_word' id='word_1_32' title='bbox 674 1188 832 1254; x_wconf 88' lang='lat' dir='ltr'>Glaucus</span> <span class='ocrx_word' id='word_1_33' title='bbox 854 1188 892 1254; x_wconf 94' lang='lat' dir='ltr'>in</span> <span class='ocrx_word' id='word_1_34' title='bbox 917 1187 1001 1255; x_wconf 89' lang='lat' dir='ltr'>deos</span> <span class='ocrx_word' id='word_1_35' title='bbox 1023 1187 1179 1254; x_wconf 88' lang='lat' dir='ltr'>marinos</span> 
     </span>
     <span class='ocr_line' id='line_1_10' title="bbox 435 1293 937 1379; baseline -0.004 -16"><span class='ocrx_word' id='word_1_36' title='bbox 435 1294 553 1379; x_wconf 86' lang='lat' dir='ltr'>Scylla</span> <span class='ocrx_word' id='word_1_37' title='bbox 577 1294 613 1360; x_wconf 89' lang='lat' dir='ltr'>in</span> <span class='ocrx_word' id='word_1_38' title='bbox 638 1296 740 1361; x_wconf 89' lang='lat' dir='ltr'>deam</span> <span class='ocrx_word' id='word_1_39' title='bbox 763 1293 937 1362; x_wconf 90' lang='lat' dir='ltr'>marinam</span> 
     </span>
     <span class='ocr_line' id='line_1_11' title="bbox 437 1399 1067 1488; baseline 0.002 -22"><span class='ocrx_word' id='word_1_40' title='bbox 437 1399 632 1486; x_wconf 86' lang='lat' dir='ltr'>Charybdis</span> <span class='ocrx_word' id='word_1_41' title='bbox 656 1401 692 1467; x_wconf 94' lang='lat' dir='ltr'>in</span> <span class='ocrx_word' id='word_1_42' title='bbox 717 1424 813 1468; x_wconf 88' lang='lat' dir='ltr'>mare</span> <span class='ocrx_word' id='word_1_43' title='bbox 836 1400 1067 1488; x_wconf 89' lang='lat' dir='ltr'>praecipitata</span> 
     </span>
     <span class='ocr_line' id='line_1_12' title="bbox 435 1506 883 1595; baseline 0.004 -23"><span class='ocrx_word' id='word_1_44' title='bbox 435 1506 611 1592; x_wconf 86' lang='lat' dir='ltr'>Tyrrheni</span> <span class='ocrx_word' id='word_1_45' title='bbox 635 1507 672 1573; x_wconf 92' lang='lat' dir='ltr'>in</span> <span class='ocrx_word' id='word_1_46' title='bbox 697 1507 883 1595; x_wconf 90' lang='lat' dir='ltr'>delphinos</span> 
     </span>
     <span class='ocr_line' id='line_1_13' title="bbox 433 1611 975 1701; baseline 0.002 -23"><span class='ocrx_word' id='word_1_47' title='bbox 433 1611 545 1679; x_wconf 90' lang='lat' dir='ltr'>Arion</span> <span class='ocrx_word' id='word_1_48' title='bbox 570 1637 590 1679; x_wconf 93' lang='lat' dir='ltr'>a</span> <span class='ocrx_word' id='word_1_49' title='bbox 614 1614 791 1701; x_wconf 91' lang='lat' dir='ltr'>delphinis</span> <span class='ocrx_word' id='word_1_50' title='bbox 814 1624 975 1681; x_wconf 81' lang='lat' dir='ltr'>servatus</span> 
     </span>
     <span class='ocr_line' id='line_1_14' title="bbox 437 1720 977 1788; baseline 0.006 -5"><span class='ocrx_word' id='word_1_51' title='bbox 437 1720 612 1787; x_wconf 88' lang='lat' dir='ltr'>Arethusa</span> <span class='ocrx_word' id='word_1_52' title='bbox 636 1732 671 1788; x_wconf 90' lang='lat' dir='ltr'>et</span> <span class='ocrx_word' id='word_1_53' title='bbox 693 1721 776 1787; x_wconf 90' lang='lat' dir='ltr'>Acis</span> <span class='ocrx_word' id='word_1_54' title='bbox 800 1722 836 1787; x_wconf 92' lang='lat' dir='ltr'>in</span> <span class='ocrx_word' id='word_1_55' title='bbox 861 1723 977 1788; x_wconf 83' lang='lat' dir='ltr'>fontes</span> 
     </span>
     <span class='ocr_line' id='line_1_15' title="bbox 438 1826 1122 1914; baseline 0 -21"><span class='ocrx_word' id='word_1_56' title='bbox 438 1826 535 1911; x_wconf 88' lang='lat' dir='ltr'>Ceyx</span> <span class='ocrx_word' id='word_1_57' title='bbox 559 1839 594 1895; x_wconf 85' lang='lat' dir='ltr'>et</span> <span class='ocrx_word' id='word_1_58' title='bbox 618 1830 775 1914; x_wconf 89' lang='lat' dir='ltr'>Alcyona</span> <span class='ocrx_word' id='word_1_59' title='bbox 799 1828 835 1894; x_wconf 92' lang='lat' dir='ltr'>in</span> <span class='ocrx_word' id='word_1_60' title='bbox 860 1851 944 1894; x_wconf 91' lang='lat' dir='ltr'>aves</span> <span class='ocrx_word' id='word_1_61' title='bbox 967 1826 1122 1894; x_wconf 90' lang='lat' dir='ltr'>marinas</span> 
     </span>
     <span class='ocr_line' id='line_1_16' title="bbox 436 1933 777 2002; baseline 0.006 -4"><span class='ocrx_word' id='word_1_62' title='bbox 436 1937 590 1999; x_wconf 91' lang='lat' dir='ltr'>Aesacus</span> <span class='ocrx_word' id='word_1_63' title='bbox 614 1933 649 1999; x_wconf 91' lang='lat' dir='ltr'>in</span> <span class='ocrx_word' id='word_1_64' title='bbox 675 1957 777 2002; x_wconf 90' lang='lat' dir='ltr'>avem</span> 
     </span>
     <span class='ocr_line' id='line_1_17' title="bbox 437 2039 1065 2126; baseline 0 -20"><span class='ocrx_word' id='word_1_65' title='bbox 437 2039 644 2126; x_wconf 86' lang='lat' dir='ltr'>Cyparissus</span> <span class='ocrx_word' id='word_1_66' title='bbox 667 2053 703 2108; x_wconf 88' lang='lat' dir='ltr'>et</span> <span class='ocrx_word' id='word_1_67' title='bbox 726 2045 839 2113; x_wconf 85' lang='lat' dir='ltr'>Lotus</span> <span class='ocrx_word' id='word_1_68' title='bbox 863 2041 899 2107; x_wconf 91' lang='lat' dir='ltr'>in</span> <span class='ocrx_word' id='word_1_69' title='bbox 924 2043 1065 2107; x_wconf 89' lang='lat' dir='ltr'>arbores</span> 
     </span>
     <span class='ocr_line' id='line_1_18' title="bbox 436 2147 773 2236; baseline -0.003 -21"><span class='ocrx_word' id='word_1_70' title='bbox 436 2147 535 2215; x_wconf 88' lang='lat' dir='ltr'>Echo</span> <span class='ocrx_word' id='word_1_71' title='bbox 560 2147 595 2212; x_wconf 95' lang='lat' dir='ltr'>in</span> <span class='ocrx_word' id='word_1_72' title='bbox 621 2148 773 2236; x_wconf 87' lang='lat' dir='ltr'>lapidem</span> 
     </span>
     <span class='ocr_line' id='line_1_19' title="bbox 435 2252 1121 2338; baseline 0.004 -21"><span class='ocrx_word' id='word_1_73' title='bbox 435 2252 622 2319; x_wconf 91' lang='lat' dir='ltr'>Narcissus</span> <span class='ocrx_word' id='word_1_74' title='bbox 645 2265 682 2320; x_wconf 86' lang='lat' dir='ltr'>et</span> <span class='ocrx_word' id='word_1_75' title='bbox 706 2253 933 2338; x_wconf 90' lang='lat' dir='ltr'>Hyacinthus</span> <span class='ocrx_word' id='word_1_76' title='bbox 956 2254 993 2321; x_wconf 93' lang='lat' dir='ltr'>in</span> <span class='ocrx_word' id='word_1_77' title='bbox 1016 2255 1121 2321; x_wconf 79' lang='lat' dir='ltr'>flores</span> 
     </span>
     <span class='ocr_line' id='line_1_20' title="bbox 436 2359 1395 2449; baseline 0.001 -26"><span class='ocrx_word' id='word_1_78' title='bbox 436 2362 629 2425; x_wconf 91' lang='lat' dir='ltr'>Amaracus</span> <span class='ocrx_word' id='word_1_79' title='bbox 652 2359 689 2426; x_wconf 93' lang='lat' dir='ltr'>in</span> <span class='ocrx_word' id='word_1_80' title='bbox 713 2362 860 2443; x_wconf 86' lang='lat' dir='ltr'>herbam</span> <span class='ocrx_word' id='word_1_81' title='bbox 883 2361 1134 2449; x_wconf 93' lang='lat' dir='ltr'>sampsuchum</span> <span class='ocrx_word' id='word_1_82' title='bbox 1158 2360 1395 2447; x_wconf 85' lang='lat' dir='ltr'>(Myth.134)</span> 
     </span>
     <span class='ocr_line' id='line_1_21' title="bbox 369 2466 1010 2535; baseline 0.008 -6"><span class='ocrx_word' id='word_1_83' title='bbox 369 2469 539 2530; x_wconf 88' lang='grc'>183-191</span> <span class='ocrx_word' id='word_1_84' title='bbox 568 2466 741 2535; x_wconf 91' lang='lat' dir='ltr'>Homines</span> <span class='ocrx_word' id='word_1_85' title='bbox 764 2468 856 2535; x_wconf 89' lang='lat' dir='ltr'>bene</span> <span class='ocrx_word' id='word_1_86' title='bbox 879 2467 1010 2535; x_wconf 91' lang='lat' dir='ltr'>meriti:</span> 
     </span>
     <span class='ocr_line' id='line_1_22' title="bbox 437 2571 1452 2658; baseline 0.001 -20"><span class='ocrx_word' id='word_1_87' title='bbox 437 2571 621 2639; x_wconf 91' lang='lat' dir='ltr'>Pilumnus</span> <span class='ocrx_word' id='word_1_88' title='bbox 638 2585 673 2641; x_wconf 89' lang='lat' dir='ltr'>et</span> <span class='ocrx_word' id='word_1_89' title='bbox 690 2575 878 2643; x_wconf 90' lang='lat' dir='ltr'>Pitumnus</span> <span class='ocrx_word' id='word_1_90' title='bbox 896 2575 1200 2642; x_wconf 89' lang='lat' dir='ltr'>stercorandorum</span> <span class='ocrx_word' id='word_1_91' title='bbox 1223 2592 1391 2658; x_wconf 85' lang='lat' dir='ltr'>agrorum</span> <span class='ocrx_word' id='word_1_92' title='bbox 1415 2583 1452 2639; x_wconf 92' lang='lat' dir='ltr'>et</span> 
     </span>
     <span class='ocr_line' id='line_1_23' title="bbox 489 2680 1209 2769; baseline 0.001 -25"><span class='ocrx_word' id='word_1_93' title='bbox 489 2680 656 2748; x_wconf 80' lang='lat' dir='ltr'>frumenti</span> <span class='ocrx_word' id='word_1_94' title='bbox 680 2681 844 2769; x_wconf 90' lang='lat' dir='ltr'>pinsendi</span> <span class='ocrx_word' id='word_1_95' title='bbox 868 2682 1083 2748; x_wconf 86' lang='lat' dir='ltr'>invenerunt</span> <span class='ocrx_word' id='word_1_96' title='bbox 1104 2702 1209 2746; x_wconf 89' lang='lat' dir='ltr'>usum</span> 
     </span>
     <span class='ocr_line' id='line_1_24' title="bbox 437 2783 1285 2855; baseline -0.001 -4"><span class='ocrx_word' id='word_1_97' title='bbox 437 2786 608 2852; x_wconf 90' lang='lat' dir='ltr'>Caeculus</span> <span class='ocrx_word' id='word_1_98' title='bbox 633 2787 897 2855; x_wconf 87' lang='lat' dir='ltr'>Praenestinam</span> <span class='ocrx_word' id='word_1_99' title='bbox 922 2787 1103 2854; x_wconf 82' lang='lat' dir='ltr'>civitatem</span> <span class='ocrx_word' id='word_1_100' title='bbox 1127 2783 1285 2852; x_wconf 90' lang='lat' dir='ltr'>condidit</span> 
     </span>
     <span class='ocr_line' id='line_1_25' title="bbox 435 2892 1055 2982; baseline 0.008 -25"><span class='ocrx_word' id='word_1_101' title='bbox 435 2892 626 2961; x_wconf 86' lang='lat' dir='ltr'>Telchines</span> <span class='ocrx_word' id='word_1_102' title='bbox 648 2896 784 2982; x_wconf 89' lang='lat' dir='ltr'>primus</span> <span class='ocrx_word' id='word_1_103' title='bbox 808 2898 923 2961; x_wconf 92' lang='lat' dir='ltr'>solum</span> <span class='ocrx_word' id='word_1_104' title='bbox 947 2893 1055 2962; x_wconf 82' lang='lat' dir='ltr'>vertit</span> 
     </span>
     <span class='ocr_line' id='line_1_26' title="bbox 436 2998 1049 3070; baseline 0.007 -6"><span class='ocrx_word' id='word_1_105' title='bbox 436 2998 554 3065; x_wconf 91' lang='lat' dir='ltr'>Tenes</span> <span class='ocrx_word' id='word_1_106' title='bbox 577 2999 763 3070; x_wconf 82' lang='lat' dir='ltr'>Tenedum</span> <span class='ocrx_word' id='word_1_107' title='bbox 786 3002 941 3069; x_wconf 91' lang='lat' dir='ltr'>insulam</span> <span class='ocrx_word' id='word_1_108' title='bbox 965 2999 1049 3068; x_wconf 91' lang='lat' dir='ltr'>colit</span> 
     </span>
     <span class='ocr_line' id='line_1_27' title="bbox 438 3105 1002 3194; baseline 0.005 -23"><span class='ocrx_word' id='word_1_109' title='bbox 438 3105 594 3171; x_wconf 90' lang='lat' dir='ltr'>Oebalus</span> <span class='ocrx_word' id='word_1_110' title='bbox 618 3106 849 3194; x_wconf 88' lang='lat' dir='ltr'>Campaniam</span> <span class='ocrx_word' id='word_1_111' title='bbox 872 3107 1002 3175; x_wconf 91' lang='lat' dir='ltr'>subicit</span> 
     </span>
     <span class='ocr_line' id='line_1_28' title="bbox 438 3211 881 3283; baseline 0.011 -6"><span class='ocrx_word' id='word_1_112' title='bbox 438 3211 574 3278; x_wconf 92' lang='lat' dir='ltr'>Maleus</span> <span class='ocrx_word' id='word_1_113' title='bbox 598 3213 719 3279; x_wconf 92' lang='lat' dir='ltr'>tubam</span> <span class='ocrx_word' id='word_1_114' title='bbox 742 3212 881 3283; x_wconf 92' lang='lat' dir='ltr'>invenit</span> 
     </span>
     <span class='ocr_line' id='line_1_29' title="bbox 437 3318 1058 3408; baseline 0.003 -23"><span class='ocrx_word' id='word_1_115' title='bbox 437 3318 571 3386; x_wconf 88' lang='lat' dir='ltr'>Codrus</span> <span class='ocrx_word' id='word_1_116' title='bbox 593 3342 657 3407; x_wconf 90' lang='lat' dir='ltr'>pro</span> <span class='ocrx_word' id='word_1_117' title='bbox 680 3319 795 3408; x_wconf 90' lang='lat' dir='ltr'>patria</span> <span class='ocrx_word' id='word_1_118' title='bbox 817 3333 979 3388; x_wconf 89' lang='lat' dir='ltr'>mortuus</span> <span class='ocrx_word' id='word_1_119' title='bbox 1003 3331 1058 3387; x_wconf 91' lang='lat' dir='ltr'>est</span> 
     </span>
     <span class='ocr_line' id='line_1_30' title="bbox 436 3426 1451 3496; baseline -0.003 -3"><span class='ocrx_word' id='word_1_120' title='bbox 436 3427 585 3494; x_wconf 89' lang='lat' dir='ltr'>Croesus</span> <span class='ocrx_word' id='word_1_121' title='bbox 608 3427 787 3496; x_wconf 91' lang='lat' dir='ltr'>neminem</span> <span class='ocrx_word' id='word_1_122' title='bbox 811 3438 894 3496; x_wconf 91' lang='lat' dir='ltr'>ante</span> <span class='ocrx_word' id='word_1_123' title='bbox 915 3440 1068 3496; x_wconf 89' lang='lat' dir='ltr'>mortem</span> <span class='ocrx_word' id='word_1_124' title='bbox 1090 3429 1235 3494; x_wconf 89' lang='lat' dir='ltr'>beatum</span> <span class='ocrx_word' id='word_1_125' title='bbox 1257 3448 1333 3493; x_wconf 87' lang='lat' dir='ltr'>esse</span> <span class='ocrx_word' id='word_1_126' title='bbox 1348 3426 1451 3491; x_wconf 91' lang='lat' dir='ltr'>docet</span> 
     </span>
     <span class='ocr_line' id='line_1_31' title="bbox 437 3535 913 3603; baseline 0.006 -4"><span class='ocrx_word' id='word_1_127' title='bbox 437 3536 547 3601; x_wconf 89' lang='lat' dir='ltr'>Alcon</span> <span class='ocrx_word' id='word_1_128' title='bbox 573 3536 760 3602; x_wconf 89' lang='lat' dir='ltr'>draconem</span> <span class='ocrx_word' id='word_1_129' title='bbox 785 3535 913 3603; x_wconf 92' lang='lat' dir='ltr'>occidit</span> 
     </span>
     <span class='ocr_line' id='line_1_32' title="bbox 367 3639 1451 3729; baseline -0.003 -23"><span class='ocrx_word' id='word_1_130' title='bbox 367 3645 542 3707; x_wconf 79' lang='lat'>192-200</span> <span class='ocrx_word' id='word_1_131' title='bbox 557 3643 718 3729; x_wconf 88' lang='lat' dir='ltr'>Iuppiter</span> <span class='ocrx_word' id='word_1_132' title='bbox 733 3656 768 3711; x_wconf 91' lang='lat' dir='ltr'>et</span> <span class='ocrx_word' id='word_1_133' title='bbox 780 3645 921 3713; x_wconf 87' lang='lat' dir='ltr'>Electra</span> <span class='ocrx_word' id='word_1_134' title='bbox 933 3664 1124 3729; x_wconf 87' lang='lat' dir='ltr'>eorumque</span> <span class='ocrx_word' id='word_1_135' title='bbox 1136 3639 1333 3729; x_wconf 86' lang='lat' dir='ltr'>progenies,</span> <span class='ocrx_word' id='word_1_136' title='bbox 1349 3659 1451 3725; x_wconf 85' lang='lat' dir='ltr'>reges</span> 
     </span>
     <span class='ocr_line' id='line_1_33' title="bbox 435 3747 669 3815; baseline 0.009 -2"><span class='ocrx_word' id='word_1_137' title='bbox 435 3747 669 3815; x_wconf 87' lang='lat' dir='ltr'>Troianorum</span> 
     </span>
     <span class='ocr_line' id='line_1_34' title="bbox 364 3857 1250 3945; baseline 0.008 -27"><span class='ocrx_word' id='word_1_138' title='bbox 364 3858 542 3919; x_wconf 81' lang='lat'>201-215</span> <span class='ocrx_word' id='word_1_139' title='bbox 568 3858 640 3924; x_wconf 90' lang='lat' dir='ltr'>Res</span> <span class='ocrx_word' id='word_1_140' title='bbox 662 3868 743 3945; x_wconf 92' lang='lat' dir='ltr'>post</span> <span class='ocrx_word' id='word_1_141' title='bbox 766 3857 910 3925; x_wconf 89' lang='lat' dir='ltr'>Troiam</span> <span class='ocrx_word' id='word_1_142' title='bbox 934 3858 1088 3924; x_wconf 89' lang='lat' dir='ltr'>deletam</span> <span class='ocrx_word' id='word_1_143' title='bbox 1111 3866 1250 3943; x_wconf 83' lang='lat' dir='ltr'>gestae:</span> 
     </span>
     <span class='ocr_line' id='line_1_35' title="bbox 436 3960 1453 4050; baseline -0.001 -24"><span class='ocrx_word' id='word_1_144' title='bbox 436 3960 613 4047; x_wconf 92' lang='lat' dir='ltr'>Nauplius</span> <span class='ocrx_word' id='word_1_145' title='bbox 629 3964 672 4050; x_wconf 89' lang='lat' dir='ltr'>(v.</span> <span class='ocrx_word' id='word_1_146' title='bbox 690 3967 732 4030; x_wconf 84' lang='lat'>28</span> <span class='ocrx_word' id='word_1_147' title='bbox 742 3970 824 4050; x_wconf 73' lang='lat' dir='ltr'>post</span> <span class='ocrx_word' id='word_1_148' title='bbox 837 3966 981 4032; x_wconf 79' lang='lat' dir='ltr'>deletam</span> <span class='ocrx_word' id='word_1_149' title='bbox 991 3961 1151 4049; x_wconf 61' lang='lat' dir='ltr'>Troum),</span> <span class='ocrx_word' id='word_1_150' title='bbox 1167 3965 1313 4045; x_wconf 86' lang='lat' dir='ltr'>Aeacus,</span> <span class='ocrx_word' id='word_1_151' title='bbox 1327 3960 1453 4029; x_wconf 89' lang='lat' dir='ltr'>Peleus</span> 
     </span>
     <span class='ocr_line' id='line_1_36' title="bbox 437 4070 1160 4158; baseline -0.006 -18"><span class='ocrx_word' id='word_1_152' title='bbox 437 4072 601 4140; x_wconf 90' lang='lat' dir='ltr'>Laocoon</span> <span class='ocrx_word' id='word_1_153' title='bbox 626 4072 671 4158; x_wconf 87' lang='lat' dir='ltr'>(v.</span> <span class='ocrx_word' id='word_1_154' title='bbox 692 4077 705 4135; x_wconf 94' lang='lat' dir='ltr'>l</span> <span class='ocrx_word' id='word_1_155' title='bbox 734 4071 984 4137; x_wconf 61' lang='lat' dir='ltr'>discedentibus</span> <span class='ocrx_word' id='word_1_156' title='bbox 1004 4070 1160 4158; x_wconf 68' lang='lat' dir='ltr'>Graecas)</span> 
     </span>
     <span class='ocr_line' id='line_1_37' title="bbox 315 4177 1328 4281; baseline -0.001 -36"><span class='ocrx_word' id='word_1_157' title='bbox 315 4268 324 4281; x_wconf 75' lang='lat'><em>,</em></span> <span class='ocrx_word' id='word_1_158' title='bbox 438 4180 592 4265; x_wconf 90' lang='lat' dir='ltr'>Pyrrhus</span> <span class='ocrx_word' id='word_1_159' title='bbox 616 4190 652 4247; x_wconf 88' lang='lat' dir='ltr'>et</span> <span class='ocrx_word' id='word_1_160' title='bbox 676 4177 924 4247; x_wconf 90' lang='lat' dir='ltr'>Andromache</span> <span class='ocrx_word' id='word_1_161' title='bbox 949 4178 1030 4266; x_wconf 83' lang='lat' dir='ltr'><strong>(v.8</strong></span> <span class='ocrx_word' id='word_1_162' title='bbox 1055 4180 1186 4246; x_wconf 80' lang='lat' dir='ltr'>devicta</span> <span class='ocrx_word' id='word_1_163' title='bbox 1216 4177 1328 4265; x_wconf 77' lang='lat' dir='ltr'>Troia)</span> 
     </span>
    </p>
   </div>
   <div class='ocr_carea' id='block_1_4' title="bbox 0 0 1688 4867">
    <p class='ocr_par' dir='ltr' id='par_1_4' title="bbox 0 0 1688 4867">
     <span class='ocr_line' id='line_1_38' title="bbox 0 0 1688 4867; baseline 0 0"><span class='ocrx_word' id='word_1_164' title='bbox 0 0 1688 4867; x_wconf 95' lang='lat' dir='ltr'> </span> 
     </span>
    </p>
   </div>
  </div>
 </body>
</html>
