3367 4867
738 569 867 676 Vita.

324 771 419 829 Natus
443 789 509 829 sum
533 770 787 828 Ferdinandus
809 767 986 843 Keseling
1013 767 1044 824 in
1073 767 1185 843 oppido
1216 766 1390 843 provinciae

218 877 469 946 Hannoveranae,
498 877 548 935 cui
576 894 687 935 nomen
712 882 758 933 est
780 874 1019 942 Duderstadt,
1054 892 1081 930 a.
1101 874 1130 930 d.
1151 874 1177 929 V
1198 873 1267 931 Kal.
1286 873 1340 931 lul.
1364 894 1391 931 a.

221 983 304 1043 1877
335 991 421 1060 patre
451 982 560 1041 Carolo
589 990 686 1040 matre
710 983 798 1038 Anna
821 999 838 1038 e
863 988 952 1060 gente
976 979 1151 1049 Suchodoll‚
1186 998 1262 1055 quos
1290 983 1391 1038 adhuc

218 1091 386 1148 incolumes
410 1108 478 1149 esse
501 1090 708 1164 maximopere
732 1088 861 1163 gaudeo.
907 1087 1013 1143 Fidem
1036 1087 1180 1162 profiteor
1199 1088 1391 1145 catholicam.

218 1195 397 1255 Litterarum
420 1196 590 1272 primordiis
618 1196 648 1252 in
676 1195 773 1271 patria
797 1194 957 1252 instructus
980 1193 1226 1268 progymnasii
1249 1192 1391 1251 Duder·

218 1303 420 1361 stadiensis
448 1321 485 1361 ac
514 1302 625 1360 deinde
649 1301 825 1378 gymnasii
848 1300 1041 1376 Josephini
1065 1299 1314 1358 Hildesiensis
1349 1300 1391 1356 lui

218 1409 392 1485 discipulus.
438 1409 618 1466 Maturitatis
638 1409 681 1464 ibi
702 1408 908 1465 testimonium
935 1425 1006 1465 vere
1031 1407 1101 1463 anni
1127 1405 1210 1466 1897
1235 1415 1392 1465 assecutus

219 1534 275 1591 per
299 1522 369 1573 octo
394 1516 552 1573 semestris
579 1515 609 1571 in
633 1514 834 1572 Academia
858 1513 1143 1571 Monasteriensi
1171 1520 1202 1570 et
1229 1514 1390 1572 seminario

218 1623 352 1680 clericali
393 1621 576 1707 Hildesiensi
614 1621 871 1695 praelectionibus
909 1621 1096 1696 philosophis
1142 1627 1173 1677 et
1214 1621 1392 1696 theologicis

219 1727 348 1786 interfui.
396 1728 484 1787 Anno
513 1727 592 1789 1901
621 1728 713 1786 sacris
742 1727 896 1785 ordinibus
924 1728 1057 1784 initiatus
1084 1746 1139 1802 per
1168 1745 1289 1785 menses
1317 1730 1392 1786 duo·

187 1821 192 1831 ⁴
219 1835 363 1910 deviginti
397 1835 427 1892 in
461 1836 607 1910 parochia
636 1834 874 1909 Gottingensi
908 1832 1077 1891 animarum
1106 1852 1196 1890 curae
1225 1842 1257 1891 et
1284 1842 1393 1909 postea

195 1960 276 2016 yper
298 1960 410 1999 annum
425 1942 648 2017 Brunsvigae
669 1942 771 2016 pueris
787 1940 968 1998 instruendis
985 1958 1110 2014 operam
1126 1940 1242 1996 navavi.
1280 1940 1392 1998 Hieme

220 2066 291 2106 vero
315 2049 438 2106 ineunte
468 2049 538 2104 anni
571 2046 653 2108 1903
678 2047 880 2122 Gottingae
908 2041 977 2127 (per
1000 2064 1052 2104 sex
1075 2046 1206 2122 menses)
1231 2047 1270 2103 ad
1295 2048 1393 2104 studia

220 2155 403 2230 philologica
419 2172 469 2211 me
486 2155 607 2223 contuli,
623 2172 702 2229 quae
719 2155 749 2211 in
764 2153 1016 2212 Universitatibus
1032 2154 1245 2210 Monacensi
1260 2148 1330 2235 (per
1341 2172 1394 2211 sex

218 2256 356 2343 menses)
380 2267 411 2318 et
435 2261 588 2317 Halensi
611 2260 756 2337 (quinque
780 2278 835 2335 per
859 2259 1028 2335 semestria)
1051 2277 1117 2316 sum
1140 2268 1326 2334 persecutus.

327 2369 371 2425 Ac
396 2369 564 2427 docuerunt
586 2385 636 2424 me
660 2368 713 2424 viri
738 2367 904 2424 doctissimi
927 2367 1175 2442 philosophorum
1199 2344 1325 2426 ordinis:

242 2474 513 2533 Monasterienses:
543 2474 708 2540 Deiters‚
724 2473 850 2538 Finke,
866 2473 1095 2546 Hagemann‚
1116 2472 1238 2540 Hitze,
1254 2476 1395 2550 Jostes,

541 2579 717 2653 Niehues,
743 2578 957 2652 Schwering

280 2686 511 2761 Gottingenses:
540 2683 627 2750 Leo,
650 2683 869 2751 Schroeder,
893 2684 1049 2752 Viertel‚
1073 2685 1348 2761 Wackernagel.

297 2793 512 2850 Monacenses:
543 2789 1395 2870 deBissing,Crusius,Furtwaengler,Vollmer,

543 2897 715 2972 Weyman.

348 3005 513 3064 Halenses:
542 3005 688 3081 Berger,
704 3005 822 3072 Elaos,
838 3004 997 3072 Bremer,
1011 3004 1238 3076 Consbruch,
1251 3008 1395 3067 Ditten-

541 3113 685 3187 berger,
701 3104 817 3180 Fries,
832 3111 934 3181 Muli,
953 3112 1074 3186 Riehl,
1095 3113 1247 3193 Robert,
1271 3116 1394 3197 Saran,

542 3219 724 3286 Schultze,
748 3219 914 3288 Strauch,
937 3220 1114 3279 Wissowa.

329 3325 447 3382 Sodalis
463 3324 505 3381 fui
515 3325 724 3399 proseminarii
733 3326 908 3402 philologici
917 3344 972 3401 per
982 3326 1041 3384 duo
1053 3328 1210 3384 semestris
1221 3331 1395 3403 regentibus

219 3432 309 3499 Leo,
336 3431 614 3506 Dittenberger,
642 3432 851 3505 proseminarii
879 3432 1043 3507 germanici
1071 3450 1126 3505 per
1154 3432 1210 3488 tria
1238 3437 1395 3492 semestria

222 3538 450 3597 moderantibus
474 3537 693 3602 Schroeder,
720 3537 865 3613 Berger,
893 3538 1017 3616 Satan,
1045 3538 1198 3596 seminarii
1221 3539 1395 3617 philologici

220 3663 278 3721 per
301 3646 360 3703 duo
385 3646 543 3705 semestris
565 3644 738 3719 regentibus
762 3643 878 3712 Blass,
906 3643 1183 3720 Dittenberger,
1212 3645 1396 3719 Wissowa,

222 3752 376 3810 seminarii
392 3752 556 3828 germanici
572 3769 626 3827 per
642 3751 702 3808 duo
719 3751 877 3808 semestria
889 3751 1067 3808 moderante
1080 3751 1241 3810 Strauch.
1276 3753 1395 3822 Quibus

224 3857 364 3916 omnibus
376 3859 486 3933 gratias
497 3861 597 3916 habeo
611 3857 767 3924 maximas,
783 3858 947 3933 praecipue
964 3875 1035 3915 vero
1053 3857 1212 3934 Georgio
1225 3860 1396 3919 Wissowa

222 3968 371 4039 quantum
394 3942 534 4032 debeam,
558 3965 610 4042 qui
633 3982 751 4024 summa
775 3982 844 4021 cum
868 3965 1048 4023 liberalitate
1065 3964 1170 4023 studiis
1185 3967 1262 4024 meis
1278 3966 1349 4024 favit
1365 3976 1399 4025 et

224 4072 282 4128 hac
317 4069 347 4126 in
382 4070 591 4149 dissertatione
621 4071 806 4148 perficienda
836 4070 1050 4147 benignissime
1080 4090 1130 4128 me
1159 4074 1280 4141 adiuvit,
1315 4075 1398 4132 nulla

224 4195 368 4253 umquam
394 4166 509 4234 delebit
532 4179 652 4238 oblivio.

638 4356 742 4364 ...-
756 4345 982 4374 ,χω-..ῳ
