3367 4867
753 266 993 327 -106-

286 472 454 561 logicum,
468 485 511 542 ut
523 473 628 541 hodie
640 486 747 557 extat,
759 497 779 541 e
789 473 902 542 tribus
911 475 1105 542 conflatum
1117 474 1357 561 essepartibus
1363 473 1467 541 facile

290 602 494 667 cognosces3
507 602 590 647 nam
601 581 731 648 fabulis
743 579 942 649 accuratius
951 579 1173 668 pertractatis
1184 578 1243 647 hic
1254 578 1326 647 illic
1339 601 1468 668 genea-

289 685 407 775 logiae
423 688 479 756 vel
496 699 684 757 stemmata
707 688 853 755 deorum
869 688 1087 775 heroumque
1109 685 1272 755 immixta
1287 698 1324 755 et
1339 686 1375 754 in
1391 686 1468 754 line

176 868 184 885 Ι
290 793 423 862 indices
446 796 491 861 ab
508 794 657 883 Hygino
673 817 816 882 prorsus
828 793 934 863 alieni
951 793 1068 863 adsuti
1084 806 1179 863 sunt.
1227 794 1469 883 Genealogias

290 901 378 969 nihil
397 900 464 969 nisi
482 900 659 988 epitomen
677 925 754 970 esse
769 925 789 969 e
803 902 945 990 proprio
962 924 1002 969 ac
1018 900 1150 969 maiore
1165 924 1269 990 opere
1286 913 1356 970 tres
1372 914 1468 976 certe

288 1007 397 1076 libros
433 1008 615 1097 complexo
651 1010 687 1076 C.
715 1009 905 1095 Robert¹l
940 1009 1137 1076 luculenter
1171 1005 1284 1076 evicit.
1340 1012 1468 1077 Postea

290 1112 469 1202 Dietze2)
490 1114 641 1182 infirmis
657 1114 878 1201 argumentis
893 1115 993 1182 nisus
1009 1117 1080 1182 duo
1099 1138 1204 1203 opera
1224 1114 1468 1202 mythologica

291 1219 440 1308 Hygino
479 1223 676 1290 adscribere
715 1234 859 1290 conatus
897 1235 963 1306 est,
1008 1244 1157 1310 quorum
1196 1223 1345 1290 alterum
1385 1244 1468 1289 cum

291 1329 512 1416 genealogiis
529 1329 614 1397 olim
631 1329 667 1396 in
684 1351 756 1396 uno
773 1351 916 1416 corpore
932 1330 1226 1417 comprehensum
1241 1328 1348 1395 hodie
1359 1340 1468 1410 extet,

291 1437 441 1504 alterum
456 1439 606 1504 fortasse
618 1457 814 1523 numquam
825 1437 1029 1504 absolutum
1041 1436 1096 1504 sit.
1126 1438 1260 1503 Auctor
1272 1457 1352 1503 cum
1369 1447 1469 1502 etex

290 1543 538 1615 Eratosthenis
562 1567 591 1631 q.
608 1545 629 1610 f.
647 1542 906 1611 Catasterismis
928 1542 1095 1626 hauserit,
1119 1556 1156 1612 et
1176 1540 1469 1630 genealogiarum

289 1647 369 1716 libri
394 1673 488 1717 anno
512 1656 576 1718 207
600 1674 631 1739 p.
657 1652 735 1718 Chr.
760 1674 793 1717 n.
816 1650 854 1717 in
879 1651 1056 1719 Graecum
1081 1672 1278 1718 sermonem
1304 1648 1468 1716 translati

290 1757 371 1840 sint,
395 1756 495 1825 alteri
519 1769 600 1844 post
624 1758 703 1825 Chr.
726 1760 868 1825 saeculo
892 1758 1101 1826 tribuendus
1125 1769 1187 1824 est.

704 2076 733 2117 a.
761 2061 805 2118 De
823 2062 1049 2119 astronomicis.

398 2171 487 2236 Cum
523 2168 698 2256 plerisque
726 2169 835 2236 labuli
886 2170 931 2237 ab
960 2169 1109 2256 Hygino
1145 2170 1182 2236 in
1212 2166 1470 2243 Astrononricis

291 2275 462 2343 enarratis
480 2276 764 2362 Mythographus
780 2192 978 2449 reffiuidem
995 2277 1181 2359 consentit,
1205 2296 1367 2343 sermone
1382 2297 1467 2341 vero

291 2380 628 2469 enuntiatorumque
666 2391 821 2450 structur
882 2382 1002 2450 diflert
1045 2395 1152 2471 atque
1196 2403 1467 2470 nonnumquam

289 2486 427 2577 plenior
461 2500 516 2556 est
553 2490 824 2576 (ci.iab.ltil,1r
854 2489 1000 2557 nomina
1027 2488 1181 2558 filiarum
1209 2488 1387 2578 Atlantis),
1425 2501 1499 2554 ut·

290 2607 480 2684 utrumque
509 2597 813 2685 Mythographum
841 2595 1051 2684 antiquioris
1078 2596 1186 2664 fontis
1220 2596 1468 2665 auctoritatem

291 2726 397 2791 quam
420 2706 572 2771 alterum
587 2704 732 2773 alterius
748 2716 910 2773 secutum
927 2726 1004 2773 esse
1018 2703 1140 2772 malim
1157 2726 1309 2771 censere.
1350 2707 1468 2792 Atque

290 2813 334 2877 ad
362 2811 463 2878 illum
492 2813 627 2878 fontem
655 2812 801 2899 quinam
828 2811 935 2879 luerit
958 2810 1156 2879 accuratius
1179 2812 1468 2898 cognoscendum

290 2917 378 2984 illud
399 2940 465 2984 nos
488 2917 657 3005 perducit,
685 2919 779 3005 quod
803 2940 927 2986 omnes
954 2921 1027 2987 fere
1050 2919 1188 2986 fabulas
1210 2917 1467 2986 Astronomicis
1491 2988 1493 2991 .

291 3023 424 3092 similes
458 3026 503 3091 ad
538 3023 667 3091 librum
699 3047 863 3092 revocare
890 3047 1088 3111 possumus,
1124 3024 1184 3112 qui
1213 3047 1294 3091 cum
1323 3013 1485 3093 scholiis¹¹

292 3130 508 3218 Vergilianis
559 3131 686 3198 artiore
736 3132 889 3217 quodam
939 3131 1083 3199 vinculo
1134 3131 1344 3201 coniunctus
1401 3145 1467 3199 est

292 3237 459 3306 Conicere
483 3237 594 3326 igitur
617 3236 732 3305 ausim
755 3238 905 3325 Vergilii
935 3251 1238 3325 commentatores,
1268 3238 1467 3326 Hyginum,

291 3347 596 3434 Mythographum
607 3348 643 3412 ΙΙ
656 3346 754 3412 haud
766 3366 844 3412 raro
856 3346 1010 3413 eundem
1021 3344 1151 3413 librum
1162 3347 1467 3433 Mythographum

290 3452 496 3540 inspexisse.
543 3452 613 3518 Hic
637 3452 775 3519 fabulas
799 3454 1022 3520 subnectam:

450 3656 516 3720 rab.
535 3654 693 3728 llius-rs
707 3677 751 3712 :·:
764 3654 861 3738 Hyg.
874 3651 965 3719 Astr.
979 3653 1014 3715 11
1030 3655 1068 3716 13
1086 3672 1119 3737 p.
1133 3656 1188 3734 483
1206 3654 1246 3717 cl.
1257 3652 1293 3718 S.
1309 3652 1466 3719 Ae.V111

290 3778 354 3841 ³54
380 3789 416 3844 et
438 3776 508 3844 sch.
534 3778 618 3848 Luc.
634 3778 704 3843 VII
733 3780 804 3843 149.

397 3907 429 3948 v.
450 3887 488 3947 15
513 3883 668 3949 nuln'tus
690 3889 742 3948 est
762 3906 784 3947 a
807 3884 965 3970 nymphis
988 3887 1029 3951 V.

375 4010 502 4018 ,ψη-ι...-

402 4064 411 4105 ¹
449 4064 599 4126 Eratosth.
622 4065 737 4125 Catast
760 4066 824 4124 rell.
847 4066 945 4126 Berol.
973 4066 1056 4129 1878
1081 4087 1111 4144 p.
1127 4066 1203 4130 235.
1465 4108 1468 4113 -

399 4155 413 4196 ²
449 4154 510 4215 Die
537 4155 779 4216 Sebrillstellerei
814 4155 869 4215 des
901 4157 1141 4234 Mythographeu
1164 4157 1301 4234 Hyginus
1328 4159 1358 4215 in
1384 4158 1470 4218 Mus.

289 4245 386 4305 Rheu.
409 4244 505 4304 XLIX
527 4240 645 4330 (1894)
668 4266 697 4324 p.
718 4244 769 4308 21.
