3367 4867
770 959 880 1040 Pars
908 963 1046 1063 prior.

560 1122 702 1200 Quibus
725 1122 890 1192 tontibus
913 1119 1027 1207 Myth.
1051 1119 1077 1187 n
1100 1135 1189 1188 usus
1212 1120 1272 1188 stt.

432 1312 528 1380 Satis
542 1310 647 1377 multi
659 1321 745 1377 sunt
756 1319 925 1393 auctores,
938 1310 1066 1397 quibus
1079 1312 1364 1401 Mythographus
1380 1323 1505 1381 noster

323 1421 462 1487 fabulas
485 1440 568 1485 suas
592 1438 658 1483 nec
680 1417 795 1483 solum
811 1439 933 1483 earum
953 1428 1164 1504 argumenta
1188 1428 1223 1485 et
1246 1430 1288 1486 ut
1309 1418 1360 1486 ita
1383 1418 1500 1486 dicam

323 1523 539 1593 lineamenta
555 1524 617 1590 sed
634 1522 742 1590 etiam
754 1522 897 1610 singula
910 1524 1499 1610 verba,orationem,sententiarum

324 1642 537 1699 structuram
560 1631 673 1698 debet
719 1631 866 1698 Nullam
890 1629 985 1698 enim
1008 1655 1150 1721 operam
1174 1632 1211 1699 in
1232 1632 1361 1700 fabulis
1385 1634 1500 1700 elabo-

322 1737 442 1805 randis
471 1748 507 1805 et
533 1736 786 1827 componendis
815 1739 1101 1827 Mythographus
1127 1739 1204 1827 ipse
1233 1739 1361 1829 posuit,
1389 1741 1450 1807 sed
1479 1762 1499 1806 e

323 1844 482 1912 fontibus
498 1843 572 1911 suis
588 1846 795 1933 plerumque
811 1847 855 1913 ad
872 1848 1020 1913 verbum
1036 1869 1095 1913 eas
1112 1847 1357 1934 transscripsit
1394 1849 1499 1931 Quod

322 1963 363 2020 ut
393 1976 455 2040 per
489 1964 605 2021 totum
632 1953 846 2021 tabularium
880 1954 1141 2019 demonstretur
1174 1953 1280 2019 hodie
1314 1952 1391 2019 fieri
1426 1975 1498 2020 non

323 2070 449 2149 potest,
478 2082 558 2126 cum
582 2061 679 2126 haud
707 2058 811 2147 pauci
839 2060 955 2127 fontes
986 2084 1006 2125 a
1036 2060 1300 2147 Mythographo
1327 2059 1364 2126 in
1394 2083 1499 2127 usum

323 2167 441 2234 vocati
476 2167 521 2233 ad
549 2177 708 2233 nostram
743 2178 896 2234 aetatem
931 2189 1002 2233 non
1038 2165 1271 2254 pervenerint
1329 2169 1498 2235 Attamen

324 2274 446 2360 quales
469 2272 601 2340 fuerint
628 2272 680 2339 illi
708 2274 825 2340 fontes
854 2296 898 2339 ex
926 2296 967 2339 ea
990 2296 1027 2340 re
1050 2273 1217 2360 cognosci
1250 2284 1375 2361 potest,
1404 2276 1501 2362 quod

322 2381 417 2469 apud
442 2379 530 2447 alios
553 2403 669 2447 rerum
689 2379 927 2465 mythicarum
955 2379 1140 2468 scriptores
1163 2381 1266 2447 multi
1283 2381 1350 2448 loci
1367 2380 1499 2448 similes

323 2509 404 2554 cum
433 2486 689 2576 Mythographi
717 2486 828 2555 nostri
857 2487 987 2555 fabulis
1015 2488 1060 2554 ad
1089 2488 1231 2555 eosdem
1257 2489 1374 2555 fontes
1402 2511 1503 2556 revo-

322 2606 455 2664 cantur.
489 2597 542 2662 Ac
557 2594 711 2685 primum
731 2594 875 2682 quidem
891 2594 1005 2684 capite
1021 2598 1038 2660 I
1055 2595 1099 2660 de
1114 2595 1281 2678 fontibus,
1305 2594 1365 2681 qui
1382 2596 1500 2662 adhuc

322 2703 529 2793 superstites
545 2714 638 2788 sunt,
654 2704 832 2787 disseram,
857 2701 985 2770 deinde
1001 2726 1073 2790 cap.
1087 2705 1123 2768 II
1141 2703 1185 2768 de
1199 2700 1252 2786 iis,
1268 2702 1328 2788 qui
1345 2712 1499 2769 aetatem

322 2833 395 2878 non
420 2812 586 2878 tulerunt
639 2811 790 2878 Maiores
820 2821 1009 2899 praeterea,
1038 2833 1129 2897 quae
1155 2808 1380 2877 intercedunt
1405 2808 1503 2876 inter

325 2915 630 3006 Mythographum
653 2916 800 3002 eiusque
822 2918 948 2999 fontes,
973 2916 1123 2985 adiciam
1147 2916 1409 3004 discrepantias
1437 2938 1500 2982 eos

323 3046 464 3111 quoque
496 3022 651 3090 maxime
684 3021 813 3090 codicis
841 3023 1130 3092 Vindobonensis
1158 3023 1367 3112 praedicabo
1393 3023 1499 3105 locos,
1582 3031 1585 3034 ’

323 3131 384 3219 qui
413 3130 601 3198 lectionem
635 3141 757 3198 contra
785 3129 942 3198 codicem
968 3130 1184 3200 Vaticanum
1218 3130 1370 3219 priorem
1398 3129 1501 3215 (alter

323 3237 635 3306 codexVaticanus
650 3236 783 3304 nullius
799 3238 971 3305 momenti
987 3249 1049 3321 est,
1062 3260 1142 3304 cum
1158 3235 1323 3303 omnibus
1338 3234 1498 3324 partibus

322 3367 404 3413 cum
427 3343 542 3432 priore
562 3344 750 3432 conspiret)
770 3365 852 3410 cum
867 3345 1025 3412 fontibus
1049 3351 1303 3429 congruentem
1319 3340 1501 3427 praebent

805 3647 1014 3752 Caputt

597 3810 648 3879 De
671 3809 849 3892 tontibus,
872 3808 933 3893 qut
958 3807 1069 3878 nodie
1093 3808 1227 3875 extant

794 3933 830 3989 Α.
849 3931 894 3988 Dc
912 3929 1029 3988 Servio.

431 4055 549 4124 Medio
577 4080 665 4126 aevo
694 4055 855 4145 quisquis
878 4056 1025 4123 deorum
1052 4068 1088 4124 et
1115 4058 1263 4122 heroum
1290 4057 1428 4124 fabulas
1451 4055 1499 4122 ab

323 4163 480 4253 antiquis
495 4175 656 4234 narratas
669 4186 882 4253 cognoscere
894 4164 1037 4232 volebat
1045 4161 1254 4251 Vergilium,
1266 4173 1385 4231 vatem
1395 4160 1498 4227 illum

323 4270 510 4360 egregium
542 4281 578 4341 et
607 4283 751 4362 propter
782 4269 950 4341 eximiam
982 4271 1179 4340 doctrinam
1213 4293 1255 4339 ac
1286 4265 1497 4359 sapientiam
