3367 4867
787 295 1032 359 „100-

395 502 560 590 Myth.11
586 507 626 569 77
651 512 689 575 et
710 505 810 571 Narr.
1106 506 1251 592 Mytb.1
1279 510 1341 575 149

386 653 417 695 v.
457 624 593 696 oviuit
614 649 636 695 α
657 627 810 699 dracone
830 679 837 695 .
854 681 885 697 ..
986 627 1125 699 invenit
1143 653 1205 698 eos
1219 654 1241 699 a
1256 631 1408 699 dracone
1423 653 1516 699 eon·

503 732 617 802 socios
639 744 869 824 consumptos
987 747 1149 824 sumptos

337 796 341 801 i
386 867 417 909 v.
457 845 479 908 6
498 838 727 930 progignitur
987 840 1150 932 gignitur

386 973 416 1016 v.
457 952 477 1014 8
502 950 712 1036 Hyperenor
987 947 1204 1038 Hyperbion.

335 1093 340 1103 ’
433 1091 618 1159 Accedunt
639 1092 822 1175 nonnulla,
845 1112 936 1180 quae
959 1101 1081 1160 contra
1096 1095 1195 1161 Narr.
1211 1093 1278 1161 lab.
1295 1094 1506 1180 et-Mytlr.1

326 1218 408 1266 cum
432 1199 539 1266 schol.
557 1196 669 1265 Theb.
686 1200 703 1293 l
721 1201 741 1264 7
765 1209 981 1286 congruant:

354 1332 358 1340 ·
432 1329 463 1373 v.
481 1312 501 1372 4
526 1306 591 1394 qui
610 1305 727 1372 Marti
745 1309 821 1372 erat
842 1312 1055 1374 consecratus
1069 1333 1114 1368 z
1129 1307 1236 1374 schol.
1252 1305 1363 1374 Theb.
1380 1328 1412 1395 p.
1433 1312 1512 1392 lpr.

433 1436 464 1480 v.
481 1416 503 1479 5
526 1413 778 1501 tem‘genmm
800 1437 846 1475 =
868 1412 976 1481 schol.
991 1412 1104 1481 Theb.
1118 1434 1150 1501 p.
1171 1420 1237 1497 ips.

433 1522 504 1588 v.6
528 1541 617 1609 quae
649 1542 685 1586 se
717 1522 850 1587 mutuis
883 1521 1086 1587 vulneratio
1120 1521 1297 1587 anteremit
1321 1547 1367 1582 τ.-
1392 1522 1512 1590 schol.

324 1627 437 1695 Theb.
461 1649 494 1716 p.
514 1630 580 1712 lm.

433 1732 571 1804 Similia
594 1732 827 1802 demonstrari
851 1738 1002 1823 possunt
1024 1757 1068 1802 ex
1091 1735 1158 1802 fab.
1179 1739 1372 1821 lolps-nt

382 1858 529 1948 Myth.1
556 1862 619 1927 186
642 1870 679 1929 et
701 1862 738 1926 II
765 1864 824 1927 101
1076 1863 1176 1928 Narr.
1200 1860 1267 1928 lab.
1284 1863 1318 1929 V
1341 1864 1361 1927 9

325 1988 362 2052 11
386 2011 417 2053 v.
435 1988 477 2052 27
501 1997 539 2053 et
564 2006 643 2053 eam
664 1983 812 2054 minime
834 1984 886 2052 in·
939 2006 1055 2074 neque
1082 2006 1162 2052 eam
1189 1986 1262 2052 ullo
1289 1986 1395 2052 modo
1422 2007 1509 2073 pos-

501 2090 684 2160 venissent
940 2101 1020 2160 sent
1048 2090 1208 2160 invenire

384 2226 415 2268 v.
433 2204 475 2267 32
500 2198 569 2266 His
585 2220 791 2266 concessum
802 2221 886 2287 quo
1008 2198 1146 2265 Harum
1183 2196 1234 2266 ita
1271 2196 1341 2265 luit
1376 2199 1508 2282 iatum,

501 2327 569 2393 que
591 2304 668 2389 luit,
691 2315 733 2373 ut
748 2305 884 2373 tamdiu
940 2303 1109 2392 quamdiu
1135 2326 1257 2372 earum
1283 2326 1355 2372 vox
1378 2304 1504 2374 audita

498 2421 684 2480 manerent
754 2410 886 2479 incolu·
939 2433 1012 2479 non
1036 2425 1129 2480 esset
1151 2410 1367 2495 mortalibus,
1382 2432 1510 2479 mane-

499 2517 884 2607 mes‚quamdiuearum
939 2529 1018 2586 rent
1037 2518 1239 2586 incolumes.

500 2651 570 2695 vox
587 2625 768 2695 audiretur
779 2623 886 2715 (simi-

498 2732 579 2802 liter
601 2733 708 2803 etiam
733 2737 748 2800 I
773 2756 804 2801 v.
818 2735 862 2822 3).

431 2896 507 2960 Nec
534 2894 651 2981 magis
677 2894 845 2962 hocloco
875 2894 988 2981 Myth.
1014 2895 1189 2961 secundus
1217 2891 1331 2980 primo
1355 2914 1419 2960 sua
1443 2895 1509 2959 de-

323 3002 393 3086 bet,
416 3022 513 3067 nam:

386 3125 497 3209 Myth.
515 3127 550 3189 11
579 3129 637 3191 101
664 3134 701 3193 et
723 3127 822 3191 Nan.
1101 3124 1243 3210 nyma
1273 3129 1334 3190 186

282 3327 291 3343 ο
326 3252 361 3315 ΙΙ
386 3273 417 3316 v.
435 3253 478 3315 28
502 3248 603 3316 adiis
615 3247 807 3316 novissime
821 3247 884 3314 im-

499 3365 684 3445 petrarunt
1033 3440 1037 3446 ·

382 3486 413 3531 v.
431 3468 474 3530 30
498 3461 665 3551 consequi
688 3473 833 3550 possent
987 3463 1148 3549 persequi
1172 3473 1324 3551 possent.

988 3341 1053 3387 0111.

324 3607 425 3691 Quae
448 3628 529 3673 cum
551 3605 602 3674 ita
625 3604 705 3691 sint,
729 3604 765 3673 in
790 3629 904 3673 errore
924 3605 1055 3673 versari
1070 3604 1159 3672 mihi
1174 3628 1246 3672 non
1263 3604 1392 3687 videor,
1416 3626 1498 3670 cum

321 3711 397 3780 veri
423 3714 538 3780 multo
565 3711 715 3780 similius
743 3735 819 3780 esse
847 3711 1020 3780 affirmem
1048 3712 1237 3800 illasquas
1261 3709 1334 3778 dixi
1359 3712 1505 3797 Mytho-

323 3816 450 3909 graphi
482 3819 620 3889 fabulas
647 3842 718 3887 non
748 3842 768 3886 e
791 3819 1071 3903 Narrationibus,
1103 3843 1194 3907 quae
1221 3818 1363 3908 quidem
1391 3818 1500 3885 hodie

322 3934 453 4010 extent,
477 3928 539 3993 sed
562 3949 582 3994 e
605 3925 857 3994 commentario
880 3924 1077 4014 antiquiore
1099 3928 1157 3995 vel
1180 3928 1225 3993 ad
1242 3924 1362 3994 Ovidii
1378 3927 1435 3992 vel
1451 3926 1497 3991 ad

320 4031 472 4119 Vergilii
496 4033 651 4102 carmina
674 4031 869 4122 composito
891 4056 969 4100 esse
991 4036 1156 4120 prolecta.

428 4140 659 4210 Narrationes
686 4140 781 4228 ipsas
804 4163 825 4209 e
847 4141 1099 4209 commentario
1127 4144 1172 4209 ad
1196 4140 1317 4210 Ovidii
1341 4138 1498 4209 carmina

322 4247 520 4336 conscripto
531 4246 678 4317 fluxisse
689 4251 729 4317 R.
743 4248 938 4316 Foerster
949 4248 1066 4336 (Raub
1076 4251 1151 4316 und
1161 4248 1356 4317 Rirckkehr
1366 4248 1500 4315 d.Pers.
