3367 4867
199 583 333 648 iab.·l9
358 585 478 646 Icarus

290 693 332 753 20
356 684 545 773 Iphigenia
665 737 668 743 .

200 795 269 860 lab.
294 798 332 859 21
361 794 485 878 Pelops
509 802 547 858 et
570 788 811 878 Hippodamia

290 905 332 966 22
357 898 495 988 Pelopis
517 896 583 963 filii

290 1011 332 1073 23
358 1006 509 1072 Phrixus
533 1016 569 1072 et
592 1005 698 1071 Helle

290 1117 421 1178 24-26
447 1111 560 1178 Pelias
584 1123 621 1178 et
642 1112 874 1197 Argonautae

290 1225 332 1285 27
359 1219 514 1286 Phineus

201 1328 268 1393 lab.
292 1331 335 1394 36
358 1324 515 1393 Achilles

291 1438 333 1499 37
356 1432 494 1499 Asterie
518 1433 645 1516 Apollo
669 1430 786 1499 Diana

291 1544 333 1605 38
357 1538 514 1606 Atlantis
537 1536 633 1604 filiae

291 1651 333 1712 39
357 1645 526 1712 Atalante
548 1657 584 1712 et
607 1643 853 1732 Hippomenes

292 1758 334 1817 40
357 1750 484 1818 Arisba
508 1763 544 1818 et
567 1752 728 1818 Helenus

292 1865 330 1924 41
358 1860 605 1925 Andromache
628 1870 664 1925 et
688 1860 864 1925 Molossus

292 1971 333 2031 42
358 1965 505 2032 Acheloi
528 1964 688 2031 fluminis
711 1963 806 2032 filiae

293 2078 335 2139 43
359 2073 572 2157 Androgeus
595 2071 751 2139 Ariadne
775 2074 935 2139 Phaedra

292 2185 335 2244 44
359 2180 496 2244 Aurora
520 2188 556 2244 et
580 2179 715 2245 Procris

292 2290 334 2350 45
358 2286 557 2369 Amymone
580 2296 616 2351 et
640 2287 844 2354 Palamedes

202 2394 270 2458 lab.
295 2397 336 2458 84
362 2396 549 2460 Praeneste
573 2404 608 2460 et
632 2393 803 2460 Caeculus

292 2504 334 2564 85
360 2498 539 2566 Proetides

292 2610 334 2671 86
359 2604 513 2671 Pierides

293 2716 334 2777 88
360 2710 524 2777 Pactolus
548 2718 583 2774 et
608 2707 723 2773 Midas

293 2822 345 2883 89.
369 2821 411 2884 90
436 2819 520 2882 Pan.

204 2928 245 3002 In
274 2922 404 2991 fabulis
432 2921 542 3010 igitur
570 2920 773 3008 digerendis
801 2924 912 3008 Myth.
939 2925 974 2987 II
1011 2945 1126 3011 neque
1153 2924 1267 2989 ullum
1301 2947 1381 2991 auc·

203 3042 316 3098 torem
349 3052 464 3118 neque
494 3029 798 3116 Mythographum
826 3031 843 3093 I
878 3031 1015 3097 iontem
1049 3040 1191 3098 secutus
1222 3040 1284 3113 est,
1319 3031 1380 3097 sed

203 3136 362 3204 ordinem
390 3137 434 3203 ad
462 3135 571 3203 libelli
594 3133 800 3204 institutum
822 3137 978 3206 maxime
1002 3136 1272 3206 convenientem
1307 3135 1386 3224 ipse

202 3239 382 3313 invenisse
398 3241 547 3328 videtur,
570 3265 641 3331 quo
663 3266 810 3311 munere
826 3243 959 3331 optime
983 3268 1065 3313 eum
1080 3245 1288 3313 defunctum
1303 3266 1380 3311 esse

202 3349 444 3438 cognovimus.

674 3651 821 3755 Caput
850 3653 909 3732 lV.

485 3833 566 3911 Qua
590 3835 707 3902 aetate
731 3830 845 3918 Myth.
861 3831 887 3898 ll
910 3831 1090 3902 floruerlt.

298 3992 518 4078 Opusculum
528 3991 645 4080 ipsum
657 3991 911 4081 Mythographi
922 3995 958 4058 II
971 4013 1051 4058 cum
1060 3989 1149 4058 nihil
1160 3987 1229 4058 nisi
1239 3991 1378 4061 fabulas

202 4109 364 4167 veterum
374 4097 637 4166 commenticias
647 4099 1165 4186 complectensnequeulloloco
1172 4110 1378 4185 temporum,

203 4203 332 4292 quibus
348 4212 470 4271 auctor
486 4200 636 4289 vivebat,
653 4203 857 4273 memoriam
871 4204 1028 4291 attingat
1043 4228 1158 4292 neque
1170 4208 1214 4272 de
1226 4206 1379 4275 auctoris

202 4332 353 4399 persona
376 4310 485 4376 ullam
510 4311 633 4379 reddat
656 4312 837 4395 rationem,
861 4312 1024 4399 quisnam
1048 4313 1153 4380 fuerit
1175 4312 1380 4399 Mythogra-

1275 4457 1308 4511 10
