3367 4867
683 309 927 370 —lll—

219 517 344 606 graphi
369 540 475 606 quam
498 520 543 586 ad
561 517 700 606 Hygini
724 517 1060 600 verbaaccedentia,
1084 540 1156 583 non
1181 539 1225 581 ex
1241 512 1391 602 Hygino

219 626 279 692 sed
308 648 353 692 ex
375 627 474 692 fonte
502 624 577 691 eius
607 625 912 712 Mythographum
940 622 1100 690 hausisse
1130 620 1306 709 equidem
1321 642 1391 687 cre·

160 777 163 780 -
219 734 299 797 dere
322 731 452 799 malim.
593 808 595 812 ⁸

325 863 356 904 v.
374 842 416 904 37
445 839 550 906 schol.
575 837 687 907 Theb.
717 841 839 904 Ixiona
871 842 916 920 M,
950 840 1061 913 ctione
1086 840 1160 905 cod.
1191 841 1296 927 Mon„
1325 856 1391 901 om

220 947 311 1017 LPb.
361 950 470 1013 Recte
494 968 538 1011 aar
560 948 651 1011 Iona.
692 945 866 1014 Ecodice
890 946 935 1011 ad
961 949 998 1010 M
1021 946 1181 1032 proxime
1204 943 1433 1011 accedente·

221 1054 331 1137 Myth.
356 1073 420 1119 sua
448 1050 627 1120 derivasse
650 1050 805 1135 videtur3
833 1049 923 1138 legit
946 1051 982 1118 in
1006 1054 1105 1119 fonte
1132 1052 1297 1138 Epaphus
1311 1050 1396 1136 fuit

220 1161 622 1224 anathemaranatha
662 1158 820 1225 Ablativi
844 1159 921 1224 loco
945 1156 1155 1225 Genitivum
1177 1155 1297 1244 posuit
1319 1155 1394 1220 Ixi-

218 1289 298 1332 ones
322 1273 356 1331 et
376 1267 475 1338 lovz's.
524 1269 623 1332 Haec
652 1289 697 1331 ex
720 1267 818 1332 fonte
841 1265 1004 1332 librarius
1028 1265 1224 1333 Vaticanus
1252 1264 1297 1329 ad
1320 1283 1395 1329 ver-

207 1374 306 1439 ‘bum
334 1356 540 1461 desumpsit,
572 1374 633 1438 sed
661 1372 736 1462 libr.
760 1373 863 1441 Vind.
900 1373 968 1462 (vel
993 1385 1115 1440 auctor
1143 1372 1232 1453 eius)
1262 1366 1393 1457 duplici

221 1479 364 1546 nornine
387 1479 479 1546 virili
513 1480 639 1545 Ixione
663 1493 698 1547 et
722 1483 806 1546 Iove
830 1482 996 1565 offensus,
1021 1502 1102 1546 curn
1125 1478 1157 1545 ei
1180 1477 1300 1544 fabula
1325 1474 1405 1540 lxi-—

220 1584 298 1652 onis
335 1598 370 1653 et
403 1587 551 1653 Iunonis
586 1597 671 1654 nota
700 1593 800 1670 esset,
835 1589 982 1653 [aaronis
1014 1612 1076 1675 pro
1105 1588 1197 1652 lours
1229 1582 1393 1671 ponendo

221 1694 336 1758 locum
360 1716 397 1758 se
421 1695 627 1761 emendasse
650 1694 798 1781 putavit.
843 1719 845 1721 ¹
974 1767 990 1777 Ι,

379 1894 443 1956 lab.
461 1896 503 1957 75
528 1889 584 1989 (de
609 1891 774 1978 Epapho)
790 1918 834 1949 z
851 1894 949 1976 Hyg.
974 1891 1043 1955 lab.
1064 1894 1124 1953 149
1149 1911 1181 1974 p.
1200 1892 1253 1951 25.

329 2017 407 2081 Hac
443 2017 487 2080 de
519 2014 687 2086 fabulae
715 2016 787 2081 sch.
820 2014 932 2081 Theb.
964 2018 1014 2082 IV
1044 2018 1107 2079 737
1143 2012 1254 2097 petita
1289 2032 1395 2096 supra

218 2138 253 2205 p.
272 2125 313 2185 49
338 2119 527 2205 disputavi.

380 2320 446 2385 lab.
471 2319 509 2386 81
549 2319 607 2406 (de
635 2319 811 2412 Autonoe)
848 2321 941 2405 apud
978 2322 1075 2405 Hyg.
1100 2320 1169 2385 lab.
1195 2323 1256 2383 180
1294 2343 1327 2406 p.
1353 2321 1394 2384 36

219 2425 333 2489 multo
356 2424 495 2490 brevior
518 2436 582 2491 est.

382 2624 448 2685 lah.
469 2623 513 2683 84
541 2620 598 2702 (de
626 2617 787 2706 Tiresia).
847 2620 936 2685 Cum
964 2620 1113 2704 mystica
1150 2618 1322 2705 expositio
1351 2621 1395 2683 ad

223 2724 326 2811 Fulg.
352 2728 388 2789 ll
414 2730 433 2789 5
462 2724 583 2792 redeat
617 2736 724 2812 atque
752 2727 932 2811 complura
960 2725 1145 2791 enuntiata
1178 2747 1257 2791 curn
1287 2724 1394 2791 schol.

221 2830 334 2900 Theb.
359 2844 395 2898 et
418 2836 520 2899 Narr.
537 2833 607 2899 lab.
624 2832 729 2900 Ovid.
751 2831 972 2915 concordent,
997 2832 1041 2897 ad
1066 2831 1255 2918 Hyginum
1278 2832 1396 2918 ipsum

223 2939 478 3025 Mythographi
503 2941 659 3007 fabulam
683 2942 809 3007 referre
833 2963 905 3005 non
931 2938 1022 3006 licet.

383 3159 516 3223 tabulae
545 3162 586 3222 97
617 3161 649 3224 el
679 3160 721 3221 99
756 3157 812 3235 (de
840 3155 1060 3247 Triptolemo
1095 3172 1130 3226 et
1161 3159 1264 3226 Celeo
1299 3154 1397 3242 rege)

223 3257 308 3343 quin
334 3283 377 3325 ex
401 3264 524 3328 eodem
549 3262 661 3330 Theb.
688 3263 820 3330 scholio
845 3267 896 3353 (II
922 3268 1001 3354 382)
1026 3267 1207 3333 derivatae
1231 3263 1311 3346 sint,
1336 3263 1397 3328 du-

222 3365 326 3432 bitari
352 3391 422 3433 non
448 3382 578 3454 potest:

276 3467 279 3473 .
307 3494 417 3576 Myth.
435 3505 471 3560 et
494 3496 564 3561 sch.
581 3494 691 3562 Theb.
983 3502 1078 3584 Hyg.
1096 3499 1162 3564 lab.
1184 3502 1244 3561 147

222 3616 289 3682 lab.
304 3621 345 3681 97
362 3642 393 3683 v.
406 3623 447 3684 26
461 3620 564 3686 Ceres
577 3621 662 3687 dum
674 3623 782 3686 alum·
838 3625 942 3689 Ceres
973 3645 1052 3687 curn
1080 3623 1187 3688 vellet
1210 3622 1398 3709 alumnum

330 3745 416 3789 num
441 3748 544 3791 suum
568 3729 675 3793 vellet
946 3751 1049 3794 suum

220 3853 253 3895 v.
272 3834 313 3893 27
337 3831 516 3900 nutriebat
837 3837 955 3904 alebat

223 3960 254 4001 v.
273 3941 314 4001 28
339 3937 433 4005 soliti
457 3953 558 4008 erant
838 3944 999 4010 solebant

223 4067 254 4108 v.
272 4048 313 4109 28
339 4046 427 4112 Cum
455 4048 522 4113 hoc
554 4048 679 4137 (autem
704 4050 781 4116 add.
838 4051 880 4116 Id
909 4049 960 4116 sic
982 4048 1059 4116 lieri
1083 4071 1164 4114 cum
1187 4046 1399 4113 mirarentur·

331 4154 449 4242 schol.)
472 4166 573 4242 pater
587 4155 781 4240 miraretur,
836 4169 1001 4247 parentes
1024 4179 1101 4223 eam
1114 4157 1399 4221 observaverunt

330 4273 503 4327 nocturno
537 4274 692 4349 tempore
724 4267 782 4332 ob·
837 4265 927 4332 Cum
960 4267 1063 4331 Ceres
1097 4285 1179 4331 eum
1218 4262 1324 4326 vellet
1361 4259 1399 4324 in
