3367 4867
685 260 908 323 ..39-

210 470 287 536 loco
312 467 398 536 alios
422 491 499 536 esse
514 468 663 537 Titanes
686 468 773 538 dicit
795 468 883 537 alios
907 470 1091 557 Gigantes.
1128 474 1307 555 Auctores‚
1324 470 1383 558 qui

212 574 359 643 Titanes
383 599 463 643 cum
482 575 701 663 Gigantibus
725 579 957 661 confundunt,
983 582 1027 644 M.
1046 581 1175 664 Mayer‚
1199 577 1383 665 Giganten

213 685 284 749 und
308 682 463 750 Titanen
487 706 518 770 p.
539 689 600 749 145
626 684 812 770 congessit.

212 818 215 825 ’
318 815 349 857 v.
367 794 499 857 29-34
524 792 563 857 ci.
589 790 670 858 Isid.
695 791 752 858 Or.
771 794 823 857 lX
848 796 877 874 2,
905 796 974 857 134.
1002 796 1072 858 135.
1098 795 1194 879 Hyg.
1218 794 1285 859 lab.
1314 797 1383 859 150.

211 898 316 965 schol.
343 901 426 971 Luc.
452 901 503 966 IV
527 902 600 982 597,
624 898 684 986 qui
708 900 821 965 multo
845 898 1023 965 breviores
1047 910 1138 966 sunt.

317 1030 349 1072 v.
367 1010 498 1072 34-37
523 1005 708 1092 exscripsit
728 1006 833 1072 schol.
851 1003 917 1071 Th.
935 1008 972 1070 II
997 1009 1074 1089 5953
1100 1007 1139 1072 cl.
1153 1004 1261 1072 etiam
1277 1006 1383 1073 schol.

212 1116 296 1185 Luc.
312 1116 364 1181 VI
382 1117 459 1179 293:
486 1116 623 1179 Aetna.
640 1166 647 1179 .
665 1166 671 1179 .
688 1111 856 1199 ingentes
872 1111 986 1199 egerit
1006 1112 1131 1199 globos
1146 1115 1383 1197 ssarnmarum3

208 1221 304 1306 quod
322 1218 459 1306 quoties
474 1219 526 1302 fit,
543 1218 671 1287 dicitur
686 1218 895 1286 fulminatus
912 1220 1112 1289 Enceladus
1127 1231 1266 1288 mutare
1281 1221 1383 1287 latus,

371 1403 497 1465 1111160
526 1397 603 1464 aliis
632 1397 748 1465 verbis
778 1422 798 1464 a
826 1398 950 1467 Servio
979 1400 1023 1464 ad
1046 1401 1108 1468 Ae.
1134 1403 1150 1464 Ι
1176 1404 1248 1466 731.
1278 1400 1383 1466 schol.

212 1503 321 1571 Theb.
339 1508 409 1573 VII
427 1511 499 1572 414.
516 1509 569 1571 XI
598 1511 658 1571 128
683 1517 853 1589 narratur,
877 1505 937 1592 qui
961 1528 1084 1572 omnes
1108 1527 1188 1572 cunr
1213 1507 1323 1590 Mytb.
1340 1506 1385 1571 ad

210 1634 434 1679 communem
458 1615 593 1681 fontem
616 1613 803 1680 revocandi
829 1625 920 1680 sunt.

371 1796 435 1858 fab.
453 1796 598 1869 61,1-11
624 1815 643 1859 e
667 1795 774 1875 fonte,
798 1815 842 1858 ex
866 1814 936 1879 quo
953 1793 986 1860 S.
1004 1794 1066 1859 Ge.
1085 1796 1120 1857 II
1138 1797 1202 1859 389
1227 1803 1262 1859 et
1278 1791 1384 1857 schol.
1440 1832 1444 1837 -

210 1898 322 1966 Theb.
344 1902 397 1967 IV
425 1903 497 1965 655.
528 1905 600 1967 776.
635 1903 688 1966 XI
717 1904 781 1966 644
811 1901 1019 1982 hauserunt3
1054 1900 1159 1966 schol.
1189 1903 1273 1971 Luc.
1295 1900 1384 1966 VIII

216 2010 388 2072 175-180
411 2006 562 2092 plurima
585 2009 629 2074 de
644 2005 701 2073 his
724 2006 835 2073 stellis
857 2008 1014 2091 tradunt;
1038 2003 1324 2092 mytbographil
1345 2010 1384 2071 19

210 2123 333 2179 auctor
356 2123 411 2179 est
433 2113 579 2181 Servius
603 2113 678 2200 ipse
702 2116 746 2181 ad
771 2115 833 2182 Ge.
853 2117 888 2180 II
913 2118 985 2180 389.

318 2225 387 2286 v.6
412 2222 451 2287 cl.
476 2222 546 2288 sch.
571 2220 637 2287 Th.
655 2225 707 2287 XI
733 2226 812 2287 644:
836 2221 1021 2287 Marathon
1046 2242 1148 2287 mons
1173 2218 1312 2287 Atticae
1335 2241 1386 2286 re-

210 2325 338 2413 gionis,
362 2327 398 2393 in
423 2350 492 2415 quo
516 2332 636 2395 Icarus
660 2340 714 2396 est
737 2328 880 2396 occisus.

317 2459 348 2500 v.
370 2440 408 2500 12
433 2438 531 2502 canis
552 2439 669 2503 Simius
691 2439 896 2523 appellatum
921 2439 961 2502 cf.
986 2437 1091 2504 schol.
1116 2435 1227 2501 Theb.
1245 2438 1296 2503 IV
1321 2438 1385 2500 776

210 2552 248 2608 et
263 2544 356 2609 brev.
374 2565 489 2629 expos.
514 2543 550 2609 in
568 2548 673 2632 Verg.
692 2545 755 2612 Ge.
772 2548 789 2609 1
807 2549 849 2610 33
866 2566 897 2630 p.
915 2548 979 2609 212
1004 2541 1121 2625 (Thilo
1138 2545 1192 2606 III
1207 2540 1254 2628 2):
1279 2540 1386 2611 Liber

211 2658 332 2715 autem
355 2671 497 2734 memor,
522 2652 615 2739 quod
639 2674 703 2718 sua
728 2673 834 2717 causa
850 2653 970 2715 Icarus
994 2647 1150 2735 perisset,
1174 2646 1286 2713 liliam
1309 2645 1385 2713 eius

212 2754 305 2822 intra
333 2769 427 2824 astra
454 2758 592 2842 locavit,
627 2781 717 2845 quae
745 2769 799 2825 est
826 2756 948 2843 Virga
977 2777 1171 2842 canemque
1205 2753 1290 2838 eius,
1325 2753 1385 2841 qui

213 2863 376 2949 quotiens
400 2864 518 2950 oritur,
543 2865 634 2932 vites
658 2864 776 2932 adurit
798 2862 981 2950 Siriusque
1005 2864 1209 2950 appellatur.

318 2995 349 3037 v.
371 2976 498 3040 12-13
524 2974 564 3039 cl.
583 2974 688 3040 schol.
705 2971 816 3039 Theb.
834 2974 887 3040 IV
912 2975 984 3037 655.
1009 2973 1043 3040 S.
1062 2974 1120 3037 Ae.
1139 2973 1154 3034 I
1180 2976 1253 3037 744.
1278 2971 1384 3036 schol.

212 3080 296 3149 Luc.
313 3081 402 3147 VIII
431 3084 505 3146 180:
528 3081 770 3166 Arctophylax
794 3080 854 3167 qui
879 3090 915 3147 et
938 3080 1073 3146 Bootes

371 3262 436 3324 lab.
454 3263 497 3324 70
522 3262 572 3326 Ut
597 3262 798 3347 exemplum
822 3258 929 3326 huius
945 3259 1085 3324 fabulae
1109 3257 1202 3342 apud
1225 3265 1385 3320 auctores

212 3375 350 3430 nostros
374 3387 445 3430 non
463 3363 674 3449 invenimus
698 3364 748 3433 ita
771 3367 885 3433 multa
908 3363 1070 3450 vestigia,
1095 3360 1267 3448 imprimis
1290 3362 1385 3446 apud

212 3469 384 3555 Servium,
409 3471 445 3538 in
463 3473 568 3539 schol.
586 3477 685 3540 Bem.
704 3484 740 3539 et
763 3471 800 3538 in
824 3494 947 3539 comm.
974 3469 1076 3536 Probi
1101 3470 1145 3534 ad
1162 3468 1224 3533 Ge.
1243 3469 1295 3534 IV
1311 3470 1385 3549 247,

213 3589 253 3644 ut
280 3577 316 3643 in
342 3602 455 3646 errore
483 3578 614 3646 versari
642 3578 731 3644 mihi
760 3602 831 3645 non
860 3577 993 3660 videar,
1021 3598 1101 3642 eum
1127 3576 1220 3639 hanc
1248 3593 1387 3658 quoque.

212 3685 368 3750 fabulam
381 3687 425 3752 ad
438 3685 673 3773 antiquiorem
689 3680 1237 3767 commentariumVergilianum
1253 3700 1389 3760 revoco,

212 3813 256 3856 ex
280 3816 349 3878 quo
372 3806 553 3880 praeterea
577 3795 682 3860 schol.
706 3792 817 3859 Theb.
842 3795 896 3859 XI
924 3796 986 3857 401
1019 3787 1145 3855 hausit.
1186 3787 1386 3870 Mytl1.191

210 3899 484 3968 Narrationibus
507 3903 575 3969 fab.
600 3900 702 3970 Ovid.
720 3903 770 3968 VI
799 3905 824 3965 l.
850 3904 869 3963 2
896 3920 987 3970 usus
1010 3910 1072 3966 est.

319 4031 350 4073 v.
367 4013 409 4074 39
432 4009 541 4093 Libya
564 4011 778 4081 mutandum
802 4017 856 4074 est
881 4009 920 4078 in
948 4008 1070 4093 Lydia.

318 4139 348 4180 v.
367 4120 386 4181 3
409 4120 493 4182 Non
520 4137 599 4184 cum
625 4121 658 4187 V
690 4117 788 4185 Unde
803 4129 942 4203 seraper
958 4138 1027 4201 quo
1040 4107 1221 4199 gaudebat,
1245 4104 1400 4168 sericum

213 4225 243 4286 R
277 4224 373 4290 Unda
393 4227 502 4290 retiret
523 4231 629 4313 opere,
657 4248 720 4310 qno
739 4223 916 4309 §credebat
940 4222 1146 4312 legendum
1170 4222 1230 4277 est.
1349 4237 1350 4240 ¹
