3367 4867
783 309 1005 370 ..32-

472 520 535 585 tab.
556 521 735 595 roan-20
761 540 780 584 e
803 519 837 587 S.
855 521 914 585 Ae.
933 521 988 583 III
1013 523 1077 584 402
1101 540 1132 605 p.
1150 522 1416 601 413,2sa-414‚20.

418 667 449 709 v.
470 647 508 708 12
533 653 627 709 recte
650 643 745 711 Serv.
771 645 810 709 in
839 646 924 710 Oeta
947 643 1063 730 (ethna
1082 643 1125 730 E)
1150 649 1279 713 oronte·
1304 640 1354 709 ita
1378 641 1487 709 etiam

312 750 418 815 schol.
436 752 520 820 Luc.
537 752 627 817 VIII
653 754 731 816 800:
762 752 854 818 Oeta
876 773 979 817 mons
1002 749 1039 815 in
1055 748 1250 833 Thessalia,
1274 747 1335 815 ubi
1352 753 1488 816 Hercu-

311 857 362 922 les
386 866 561 923 crematus
584 868 638 923 est
661 868 697 924 et
720 858 888 943 sepultus

418 987 450 1028 v.
471 968 509 1028 12
540 965 603 1049 qui
622 965 707 1050 fuit
728 966 770 1030 aa
791 966 960 1031 Meliboea
988 966 1122 1029 erhitote
1150 965 1344 1029 Thessaliae
1371 974 1434 1031 aut
1466 985 1487 1029 e

313 1070 418 1136 schol.
442 1071 674 1156 praecedente
701 1093 732 1157 p.
758 1075 859 1156 413,21
887 1083 1069 1158 sumptum
1094 1081 1148 1137 est
1171 1082 1234 1137 aut
1257 1069 1293 1136 in
1318 1069 1394 1156 ipso
1417 1071 1486 1137 hoc

309 1175 445 1242 scholio
464 1177 545 1261 iuit;
569 1201 653 1244 nam
670 1179 775 1244 schol.
793 1182 877 1250 Luc.
895 1181 945 1247 VI
962 1183 1026 1244 354
1043 1177 1137 1244 idem
1153 1188 1287 1244 narrat:
1313 1175 1488 1246 Meliboea

313 1281 437 1351 civitas
472 1296 526 1351 est
548 1283 763 1369 Thessaliae,
795 1287 839 1351 de
868 1308 938 1372 qua
970 1284 1037 1352 luit
1069 1284 1288 1368 Philoctetes,
1321 1283 1486 1351 Poeantis

308 1388 415 1475 iilius,
440 1413 556 1457 comes
581 1391 753 1458 Herculis.

419 1521 450 1563 v.
466 1501 505 1563 13
524 1499 565 1563 a'e
579 1499 733 1563 ornnibas
744 1499 903 1584 reliquiis
915 1499 1255 1564 sai‘siritimoaitnon
1265 1498 1362 1565 estin
1379 1499 1486 1565 schol.

418 1627 449 1669 v.
468 1608 507 1669 21
534 1605 629 1671 Serv.
648 1607 737 1692 pede
760 1607 869 1670 locam
887 1607 1066 1692 percussit.

419 1734 449 1776 v.
468 1715 599 1777 28-29
623 1712 718 1798 apud
747 1710 911 1778 Servium
934 1711 1036 1778 initio
1065 1711 1189 1778 scholii
1216 1723 1314 1780 sunt:
1363 1711 1488 1779 Petilia

312 1816 408 1884 dicta
430 1818 487 1884 vel
516 1808 671 1886 ἀπὸτοῦ
696 1819 871 1887 πένοσθαι
898 1819 918 1885 i.
936 1842 962 1885 e.
984 1820 1111 1903 volare,
1135 1820 1228 1906 quod
1257 1830 1399 1905 captato
1427 1839 1488 1886 au-

312 1922 415 2012 gurio
438 1934 493 1991 est
509 1925 659 2011 condita,
675 1928 732 1993 vel
756 1927 850 2013 quod
873 1937 954 2012 post
977 1925 1137 1992 relictum
1158 1924 1274 2009 Ilium,
1290 1948 1359 2012 quo
1383 1927 1487 1993 duce-

310 2032 416 2098 batur
439 2040 470 2098 a⁴
484 2031 637 2116 Graecis,
662 2056 740 2100 eam
763 2031 891 2119 petivit
915 2031 1104 2099 civitatem.

471 2196 733 2276 tab.166‚³1-a⁶
758 2216 778 2259 e
801 2195 834 2260 S.
851 2195 912 2260 Ae.
929 2196 1019 2261 VIII
1044 2198 1108 2259 342
1132 2216 1164 2280 p.
1181 2198 1370 2278 atoni-1³.

419 2340 450 2383 v.
467 2321 509 2382 33
546 2319 709 2403 ternplum
744 2318 876 2404 refugii
901 2322 947 2401 R,
982 2321 1144 2405 templum
1167 2320 1350 2384 Minervae
1374 2320 1486 2404 Myth.

311 2424 329 2487 1
359 2426 452 2507 60as,
479 2424 588 2488 locum
616 2425 749 2510 effugii·
774 2424 881 2491 schol.
905 2429 990 2497 Luc.
1012 2428 1029 2490 I
1055 2429 1109 2509 973
1145 2448 1226 2492 cum
1254 2424 1377 2494 Servio
1406 2424 1488 2491 scri-

310 2530 468 2597 bendum
505 2541 559 2598 est
593 2533 757 2618 ternplum
790 2533 1055 2599 misericordiae.
1102 2535 1159 2599 Ita
1181 2532 1290 2599 etiam
1316 2531 1354 2598 in
1379 2532 1485 2599 schol.

310 2638 399 2706 stae
416 2635 527 2705 Theb.
544 2641 616 2704 XII
642 2643 721 2705 497:
761 2640 963 2724 Hyllus...
987 2650 1023 2706 et
1046 2638 1171 2726 reliqui
1194 2692 1248 2706 ...
1272 2640 1366 2706 hanc
1389 2662 1487 2706 aram

311 2767 533 2812 consecrasse
555 2758 796 2813 memorantur
819 2758 1016 2813 asserentes
1039 2748 1133 2832 apud
1149 2746 1309 2813 Athenas
1330 2757 1485 2814 tantum-

310 2852 417 2918 modo
452 2853 551 2918 sedes
592 2852 868 2920 Misericordiam
903 2852 1175 2941 (Misericordiae
1214 2855 1276 2941 Pb)
1315 2852 1484 2939 posuisse.

310 2958 470 3044 Apollod.
495 2958 575 3026 bibl.
600 2963 633 3024 II
660 2964 738 3025 167:
777 2958 816 3028 Οἱ
846 2963 970 3040 παῖδες
996 2952 1097 3027 αἰτοῦ
1125 2959 1284 3051 φαγόντες
1311 2951 1485 3048 Εὐρυσθέα

311 3056 419 3152 ἦλθον
440 3062 489 3145 εἰς
511 3056 657 3155 Ἀθήνας
672 3065 727 3132 καὶ
743 3067 974 3147 καθεσθέντες
990 3067 1051 3134 ἐπὶ
1066 3061 1125 3135 τὸν
1140 3067 1233 3135 ἐλέου
1247 3063 1362 3153 βωμὸν
1376 3059 1488 3157 η’ξὶονν

310 3177 529 3263 βοηθεῖσθαι.
1443 3196 1446 3200 ’

476 3332 1183 3419 mumsmvmpffloa

471 3455 1327 3582 muwsmmnmnmw.'

418 3645 449 3686 v.
479 3624 518 3684 12
546 3620 718 3685 Creteidos
738 3620 843 3703 Seru,
883 3620 1036 3686 Cretidos
1060 3624 1104 3704 R3
1141 3643 1223 3687 corr.
1247 3619 1379 3687 Bodius
1407 3620 1488 3685 Cra-

312 3727 454 3808 taeidis‚·
479 3728 518 3792 cf.
542 3729 645 3792 Hom.
668 3754 693 3812 μ
721 3731 801 3791 1242
831 3724 987 3813 Κράταιιν
1008 3728 1135 3817 μητέρα
1158 3735 1218 3817 τῆς
1234 3725 1395 3818 Σκύλλης
1420 3728 1484 3794 Ov.

310 3843 392 3900 met
409 3837 499 3899 XIII
517 3838 581 3899 748
603 3835 782 3899 Crataeide
801 3840 940 3904 aatam‚·
965 3836 1061 3920 Hyg.
1077 3835 1144 3901 lab.
1164 3839 1226 3901 199
1242 3856 1274 3921 p.
1295 3839 1356 3900 127
1372 3833 1488 3920 Scylla

316 3940 508 4006 Crataeidzs
535 3942 703 4028 ,flaminis
725 3942 833 4028 filia:
874 3938 1026 4027 Philarg.
1061 3950 1098 4006 et
1132 3942 1230 4008 Prob.
1266 3941 1339 4012 Ecl.
1364 3944 1415 4010 VI
1444 3944 1487 4004 74

315 4047 515 4115 Crataeidis.
1306 4082 1309 4087 ·

358 4224 360 4228 ,
418 4179 449 4222 ν.
477 4160 515 4222 13
548 4157 704 4222 marz'rzus
731 4156 824 4230 deur,
853 4154 1073 4220 Anthedonii
1092 4156 1198 4243 filiios
1229 4156 1306 4224 add.
1332 4155 1443 4240 Myth.
1468 4175 1489 4219 e

310 4263 466 4356 praeced.
491 4263 557 4330 lab.
581 4267 650 4330 v.l
674 4271 711 4328 et
737 4265 784 4327 10.
