3367 4867
698 305 920 367 ..13-

327 540 359 582 v.
376 519 414 581 13
440 517 483 580 In
501 513 680 583 cod.Vind.
689 526 771 602 post
779 513 871 580 Iuno
886 513 1042 603 spatium
1054 514 1211 601 quinque
1222 514 1294 582 fere
1305 514 1399 583 litte-

221 641 339 689 ramm
354 621 517 688 relictum
534 645 555 687 a
571 643 681 688 manu
698 622 891 710 posteriore
901 622 1075 690 vocabulo
1084 645 1130 708 yo
1142 623 1323 710 expletum
1334 632 1399 689 est

328 753 360 796 v.
388 733 427 794 14
451 751 495 794 ne
516 729 677 815 Iuppr'ter
703 730 753 793 ed
777 751 850 794 eam
873 734 988 815 posset
1008 730 1164 795 accedere
1185 751 1257 795 non
1282 740 1336 797 est
1357 728 1397 795 in

223 836 329 903 schol.

329 966 360 1008 v.
388 946 427 1007 16
456 948 491 1007 et
516 943 553 1007 in
580 965 678 1007 suem
707 945 853 1008 tutelam
882 944 1009 1029 recepit
1034 944 1111 1010 add.
1137 944 1248 1028 Myth.
1277 965 1351 1011 ev.
1376 947 1399 1009 9

222 1047 329 1115 huius
352 1050 501 1115 fabulae.

382 1249 450 1313 rab.
474 1250 612 1325 dno-23
638 1269 658 1313 e
680 1247 715 1315 S.
738 1247 799 1313 Ae.
824 1250 879 1313 IX
902 1251 922 1312 5
946 1270 977 1335 p.
1002 1251 1159 1331 3099—5.

328 1395 360 1437 v.
386 1374 428 1435 20
459 1372 609 1436 Iunones
640 1371 811 1454 ministro,
845 1372 940 1459 quod
973 1395 995 1438 a
1026 1371 1160 1439 scholio
1188 1375 1296 1457 abest,
1330 1372 1401 1440 Iris

224 1478 421 1564 appellatur
444 1501 465 1543 a
487 1480 592 1564 Verg.
609 1479 669 1544 Ae.
687 1482 737 1546 VI
763 1483 827 1545 694
852 1489 888 1546 et
911 1482 965 1545 IX
989 1484 1017 1545 2.

328 1609 360 1651 v.
386 1589 517 1650 23-25
541 1607 560 1652 e
583 1586 617 1664 S.
641 1586 702 1652 Ae.
727 1589 781 1652 IX
805 1591 824 1651 2
850 1610 881 1674 p.
907 1591 1095 1670 307,1o-1r.

329 1715 361 1758 v.
386 1696 427 1758 23
450 1693 522 1757 Iris
546 1694 675 1758 dier'tue
696 1694 798 1779 quasi
818 1695 930 1759 erim‘s
944 1697 987 1762 V.

330 1822 362 1864 v.
387 1803 517 1864 25-28
542 1822 561 1864 e
584 1799 618 1867 S.
643 1799 703 1865 Ae.
727 1802 760 1867 V
785 1804 850 1865 606
873 1823 905 1888 p.
931 1804 1119 1885 emor-20.

330 1929 361 1971 v.
386 1910 518 1972 28—30
541 1927 561 1971 e
584 1907 618 1975 S.
642 1907 702 1972 Ae.
729 1909 780 1975 IV
805 1910 870 1972 700
893 1929 924 1993 p.
949 1912 1138 1990 585,n—2o.

330 2036 361 2079 v.
386 2016 428 2078 28
464 2014 523 2077 eui
551 2014 664 2078 varios
697 2016 820 2079 colores
853 2019 1033 2086 creantur:
1063 2015 1132 2080 hoc
1158 2016 1264 2103 plane
1291 2036 1398 2081 sensu

225 2137 363 2185 cassum
386 2131 446 2186 est
494 2119 590 2187 Serv.
615 2121 674 2184 eui
694 2122 807 2185 verres
830 2123 952 2186 colores
976 2122 1038 2186 illa
1061 2123 1122 2186 det
1143 2144 1206 2194 res,
1232 2123 1314 2208 quio
1336 2172 1397 2191 ...

226 2226 334 2293 Haud
363 2226 511 2292 dubium
539 2238 601 2309 est,
636 2226 722 2313 quin
751 2228 875 2294 oculus
909 2227 1043 2294 scribae
1076 2227 1114 2294 in
1142 2250 1284 2297 versum
1318 2229 1402 2296 sub·

225 2344 430 2419 sequentem
454 2333 682 2417 aberraverit3
706 2357 776 2420 quo
791 2336 926 2401 factum
942 2347 1004 2419 est,
1020 2345 1062 2402 ut
1076 2337 1184 2403 verba
1207 2337 1322 2402 varios
1337 2359 1403 2403 cre·

225 2446 290 2504 ant
310 2443 431 2507 celeres
454 2463 534 2506 cum
557 2440 675 2508 verbis
694 2441 884 2529 superioris
908 2464 1031 2509 versus
1054 2444 1169 2509 varios
1192 2444 1316 2510 colores
1334 2445 1403 2510 ille

227 2548 287 2612 dot
307 2570 361 2613 res
384 2549 691 2615 confunderentur.

331 2678 362 2721 v.
388 2659 429 2721 29
453 2655 563 2723 Sem:
599 2655 683 2742 quia
706 2676 798 2742 aqua
822 2655 948 2738 tenuis,
977 2678 1037 2722 aer
1060 2655 1198 2722 lucidus
1226 2666 1263 2722 et
1284 2657 1403 2723 nubes

226 2756 421 2847 caiigantes
448 2762 623 2829 inradiata
650 2760 767 2829 varios
795 2773 916 2829 creant
944 2764 1076 2828 colores
1109 2762 1301 2850 (inradiant
1329 2760 1399 2831 ista

227 2877 263 2934 et
285 2867 403 2934 varios
426 2879 547 2936 creant
567 2869 700 2936 colores
716 2867 754 2953 Ρ»,
777 2867 930 2938 inrideat
945 2879 981 2936 et
995 2869 1113 2937 varios
1129 2880 1250 2938 creant
1265 2870 1401 2937 colores

227 2971 460 3057 Qinradiata
487 2976 557 3043 ista
579 2975 697 3044 varios
725 2988 847 3043 creant
876 2978 1009 3044 colores
1043 2977 1221 3065 Isidorus).
1273 2980 1309 3043 Is
1335 2975 1397 3064 qni

227 3080 382 3148 codicem
409 3085 487 3150 Vat.
539 3083 698 3167 coniecit,
726 3085 914 3151 verbomm
942 3084 1157 3152 sententiam
1190 3106 1263 3151 non
1297 3082 1401 3150 intel-

226 3187 354 3255 lexisse
386 3190 443 3256 vel
466 3212 593 3278 pamm
615 3189 806 3277 diligenter
829 3193 1030 3280 exemplum
1057 3191 1283 3280 descripsisse
1305 3190 1401 3259 vide·

227 3305 291 3361 tur.
331 3297 635 3385 Mythographum
659 3321 740 3364 cum
763 3297 887 3366 Servio
910 3297 947 3364 in
972 3298 1178 3366 universum
1202 3297 1404 3365 consentire*

227 3402 299 3469 cod.
321 3404 355 3471 V
382 3413 546 3470 testatur:
570 3404 626 3471 cui
649 3404 767 3472 varios
791 3406 924 3472 colores
946 3405 1008 3472 illa
1031 3405 1093 3472 dat
1115 3427 1179 3490 res,
1202 3403 1286 3492 qnia
1307 3426 1399 3490 aqua

227 3507 351 3592 tenuis,
375 3531 435 3576 aer
457 3510 596 3577 lucidus
618 3511 794 3579 inradiata
817 3511 934 3580 varios
954 3521 1076 3578 creant
1098 3512 1238 3578 colores

383 3711 452 3776 tab.
476 3714 615 3786 Iar-ar
640 3732 660 3776 e
682 3710 716 3778 S.
740 3711 800 3776 Ae.
825 3713 842 3775 I
868 3714 910 3775 47
933 3733 965 3796 p.
990 3713 1157 3792 32‚12-1o.

332 3855 364 3899 v.
388 3836 431 3899 34
455 3832 626 3902 Similiter
641 3833 722 3901 Isid.
740 3836 797 3902 Or.
813 3837 914 3919 VIII,
942 3838 1048 3919 11,70:
1072 3833 1264 3903 dicunt...
1282 3834 1403 3902 coniu-

225 3953 317 4023 gem,
340 3940 435 4026 quod
458 3939 650 4008 commixta
673 3942 870 4009 concordat.

333 4069 365 4113 v.
389 4051 431 4113 35
457 4049 497 4114 cf.
522 4047 623 4135 Fulg.
649 4051 666 4114 1
691 4054 710 4115 3
734 4072 766 4137 p.
795 4052 996 4134 18,22-19‚1.

332 4176 364 4220 v.
389 4158 432 4220 36
455 4154 566 4223 Serva
586 4153 767 4223 subiectus
778 4167 833 4224 est
848 4155 934 4244 igni,
955 4154 991 4222 id
1008 4166 1063 4225 est
1078 4155 1172 4242 Iovi;
1197 4147 1307 4243 Myth.
1325 4158 1412 4246 igm'

225 4267 262 4326 et
283 4260 362 4326 Iovi
382 4260 632 4330 concinnitatis
655 4262 771 4349 gratia
793 4262 1017 4352 permutavit
