3367 4867
716 337 914 394 „7-

227 565 367 613 summa
394 543 582 611 florentem
605 541 823 626 auctoritate,
847 541 1065 630 inspiciebat.
1098 547 1149 611 Ac
1173 543 1201 610 si
1226 542 1304 631 quis
1328 542 1404 613 sive

228 672 355 739 pueros
378 648 608 717 instituturus
631 648 706 717 sive
729 649 820 716 alius
835 660 962 738 poetae
985 673 1091 738 opera
1109 650 1403 739 interpretaturus

228 758 294 824 has
324 757 463 824 fabulas
495 756 622 824 litteris
653 757 823 824 mandare
856 756 922 823 sibi
956 768 1194 846 proposuerat,
1230 781 1404 826 commen·

230 863 338 931 tarios
365 866 496 930 multos
524 863 596 931 iam
623 863 707 930 inde
731 888 751 931 a
774 866 915 931 saeculo
939 864 1052 952 primo
1080 889 1111 953 p.
1130 865 1207 931 Chr.
1224 889 1256 932 n.
1275 890 1295 931 a
1319 865 1404 933 viris

230 969 343 1038 doctis
372 969 588 1059 conscriptos
615 972 732 1038 fontes
759 971 954 1038 uberrimos
982 971 1149 1038 adhibere
1178 973 1302 1061 potuit
1350 977 1404 1038 De

231 1078 566 1145 commentatoribus
582 1077 740 1165 Vergilii,
765 1100 915 1166 quorum
939 1079 1069 1167 scripta
1092 1102 1225 1166 magna
1244 1091 1337 1147 certe
1360 1103 1404 1147 ex
1475 1167 1477 1172 Ι

230 1194 330 1273 parte
352 1184 497 1272 periisse
520 1185 624 1252 valde
647 1186 820 1271 lugemus,
838 1185 998 1252 Ribbeck
1022 1186 1058 1252 in
1077 1188 1211 1273 Proleg.
1236 1188 1280 1253 ad
1297 1190 1402 1273 Verg.

229 1315 260 1379 p.
283 1296 344 1357 114
368 1314 416 1378 sq.
441 1291 588 1359 disserit
635 1296 734 1358 Inter
761 1315 850 1379 quos
878 1292 1002 1376 Servii,
1035 1292 1256 1380 grammatici
1288 1293 1403 1380 quarti

231 1398 369 1483 saeculi,
394 1398 666 1466 commentarius
691 1400 735 1466 ad
748 1399 898 1486 Vergilii
922 1400 1078 1467 carmina
1101 1412 1244 1488 propter
1267 1422 1405 1467 accura-

231 1508 356 1574 tamin
373 1506 503 1574 fabulis
526 1507 732 1574 enarrandis
748 1507 973 1594 diligentiam
989 1507 1142 1596 primum
1166 1510 1282 1574 locum
1299 1506 1405 1574 hodie

231 1624 335 1681 tenet.
369 1616 450 1698 Quo
474 1614 726 1681 commentario
750 1636 830 1681 cum
851 1614 954 1682 multi
972 1615 1193 1701 grammatici
1217 1627 1253 1681 et
1268 1614 1405 1699 mytho-

232 1720 358 1808 graphi
382 1720 557 1787 inferioris
580 1720 716 1804 aetatis,
740 1722 839 1788 velut
868 1721 1004 1793 Lucani
1033 1722 1231 1804 scholiasta,
1256 1724 1406 1792 Lactan-

233 1826 303 1894 tius
333 1827 503 1911 Placidus,
537 1827 702 1911 Isidorus,
736 1827 795 1895 alii
825 1828 880 1894 usi
913 1841 998 1895 sunt
1025 1831 1131 1911 fonte,
1162 1841 1238 1895 tum
1267 1830 1406 1913 Mytho-

232 1937 389 2022 graphus
417 1935 613 2003 Vaticanus
641 1934 776 2023 primus
805 1947 840 2001 et
869 1937 965 2018 alter,
994 1957 1143 2022 quorum
1172 1957 1252 2001 cum
1281 1934 1405 2003 Servio

232 2065 423 2109 consensus
439 2041 615 2130 plerisque
639 2041 724 2109 locis
748 2052 871 2109 tantus
895 2055 956 2125 est,
980 2055 1021 2109 ut
1039 2044 1138 2108 nullo
1161 2043 1266 2109 modo
1290 2042 1326 2108 in
1345 2043 1406 2108 du-

231 2148 329 2215 bium
356 2149 475 2217 vocari
503 2150 623 2237 possit,
655 2149 740 2236 quin
765 2172 814 2233 ea,
844 2172 934 2237 quae
961 2150 1151 2217 memoriae
1179 2149 1406 2237 prodiderint,

231 2279 400 2343 magnam
430 2267 567 2345 partem
590 2256 714 2325 Servio
743 2258 903 2325 debeant
951 2257 1060 2325 Cuius
1087 2256 1136 2323 rei
1165 2279 1276 2323 unum
1300 2257 1406 2344 idque

232 2360 551 2431 luculentissimum
574 2365 749 2451 proferam
769 2366 979 2452 exemplum.
1027 2367 1068 2430 In
1094 2366 1160 2431 fab.
1181 2369 1292 2448 128‚2⁷,
1316 2387 1407 2451 quae

233 2492 252 2535 e
272 2470 305 2537 S.
329 2472 389 2537 Ae.
413 2474 464 2539 VI
490 2474 554 2535 617
578 2471 692 2555 fluxit,
722 2473 832 2556 Myth.
856 2474 892 2537 II
921 2473 1038 2537 locum
1068 2472 1305 2538 Horatianum
1333 2493 1405 2536 non

233 2577 389 2662 genuina
412 2579 533 2660 forma,
558 2579 618 2644 sed
643 2580 783 2665 qualem
807 2579 902 2666 apud
923 2578 1087 2646 Servium
1111 2578 1271 2663 legimus,
1295 2578 1405 2643 affert

234 2683 405 2751 Horatius
429 2684 524 2750 enim
548 2707 649 2752 carm.
671 2688 724 2752 IV
748 2690 776 2767 7,
801 2689 843 2749 25
868 2686 1092 2770 nequeenim
1117 2684 1264 2750 tenebris
1287 2682 1407 2747 Diana

228 2794 395 2879 pudicum
413 2793 788 2880 liberatHr'ppolytum;
814 2801 936 2859 contra
953 2791 1098 2861 Servius
1114 2803 1150 2857 et
1163 2791 1273 2874 Myth.
1298 2811 1407 2876 neque

235 2899 326 2963 enim
341 2900 463 2965 Drimo
471 2900 641 2986 pudicum
658 2899 781 2965 liberat
794 2901 1029 2987 Ihppolytum.
1066 2901 1251 2983 Quaenam
1268 2899 1407 2982 Mytho

235 3005 361 3094 graphi
394 3006 539 3073 secundi
572 3007 713 3074 fabulae
746 3029 765 3073 e
796 3007 911 3075 Servii
944 3006 1196 3075 commentario
1230 3006 1407 3093 profectae

235 3111 314 3196 sint,
330 3113 396 3180 hac
419 3113 627 3200 quaestione
650 3113 822 3201 indagare
847 3117 1006 3182 conabor.
1046 3115 1116 3182 Sed
1140 3112 1345 3201 priusquam
1362 3112 1407 3177 ad

235 3241 308 3284 rem
335 3219 448 3309 ipsam
477 3222 693 3305 accedamus
722 3223 767 3288 de
796 3220 1038 3289 commentarii
1067 3218 1257 3287 traditione
1284 3218 1407 3306 paucis

236 3326 477 3395 disserendum
501 3328 603 3395 nobis
628 3340 688 3396 est.

339 3435 528 3508 Librorum
551 3437 683 3524 duplex
706 3447 761 3503 est
784 3458 899 3522 genus
923 3437 975 3522 (cf.
992 3434 1099 3501 Thilo
1117 3437 1132 3498 Ι
1153 3434 1258 3521 praef.
1275 3455 1306 3519 p.
1325 3434 1407 3519 III):

231 3540 377 3608 alterius
406 3543 546 3628 generis
574 3542 662 3625 libri,
687 3542 746 3630 qui
775 3543 952 3610 breviores
980 3543 1036 3608 vel
1065 3539 1204 3626 vulgati
1233 3538 1408 3623 dicuntur,

234 3669 362 3715 nomen
391 3649 506 3717 Servii
529 3651 656 3734 ferunt,
680 3648 825 3718 alterius
854 3648 994 3736 generis
1022 3648 1129 3714 libros
1152 3645 1327 3734 pleniores
1351 3648 1408 3714 vel

235 3754 442 3822 Danielinos
469 3756 604 3845 primus
629 3761 752 3824 Petrus
776 3756 904 3823 Daniel
934 3778 1028 3822 anno
1055 3758 1139 3820 1600
1163 3751 1295 3842 publici
1322 3753 1409 3821 iuris

233 3860 323 3929 fecit
371 3863 487 3946 Quem
515 3863 807 3931 commentarium
834 3861 1029 3952 pleniorem
1056 3863 1118 3945 „ab
1142 3884 1214 3928 uno
1237 3860 1409 3944 homine“,

233 3965 295 4053 qui
320 3967 474 4050 „Isidoro
490 3971 674 4058 aliquanto
689 3969 850 4037 inferior“
873 3969 988 4053 fuerit,
1012 3991 1099 4036 saec.
1116 3971 1187 4035 lere
1203 3971 1274 4036 VII
1285 3969 1307 4051 ¹)
1329 3989 1410 4034 con-

232 4112 448 4124 -·—-.—-—.-—.

345 4206 370 4287 ¹)
393 4208 514 4267 Falsam
543 4227 611 4268 esse
635 4208 674 4266 H.
694 4208 836 4266 Zimmeri
860 4208 1041 4266 sententiam
1069 4207 1219 4284 (Nennius
1241 4205 1410 4262 vindicatus

231 4296 336 4353 Berlin
375 4296 458 4359 1893
487 4316 517 4373 p.
542 4293 636 4381 2³8):
675 4296 734 4378 „Es
769 4298 842 4355 lbsst
870 4298 933 4355 sich
971 4297 1001 4354 in
1036 4298 1147 4354 hohem
1182 4294 1285 4352 Grade
1318 4293 1410 4350 wahr-
