3367 4867
364 492 474 576 Myth.
491 492 558 557 lab.
578 495 640 556 118
1005 491 1106 578 Fulg.
1125 495 1160 557 II
1189 494 1228 556 10

219 627 275 683 est
287 614 376 681 nihil
390 612 511 682 sciens.
535 617 675 683 Avarus
687 613 782 682 enim
837 615 989 683 fluvium
1038 616 1189 683 fertilem
1239 614 1399 683 reddidit

221 721 258 787 in
276 732 416 789 tantum
432 724 563 789 stultus
579 734 641 806 est,
665 734 706 790 ut
722 722 784 790 eti·
838 723 936 790 Mida
981 722 1076 789 enim
1119 723 1254 789 Graece
1300 719 1399 809 quasi

222 852 279 895 am
303 828 369 895 sibi
393 831 557 916 prodesse
580 829 722 896 nesciat.
836 830 1060 914 medenidon,
1089 828 1125 895 id
1149 841 1202 897 est
1225 828 1313 895 nihil
1337 827 1401 895 sci-

838 960 915 1021 ens;
959 960 1086 1004 avarus
1125 936 1220 1003 enim
1260 947 1400 1004 tantum

838 1047 970 1111 stultus
994 1055 1055 1127 est,
1079 1055 1120 1110 ut
1143 1043 1210 1109 sibi
1234 1044 1400 1132 prodesse

838 1174 911 1217 non
935 1150 1036 1218 norit.

331 1314 476 1396 Propter
497 1309 691 1377 notabilem
715 1308 825 1396 igitur
849 1310 949 1378 illum
973 1334 1054 1377 cum
1071 1310 1252 1397 Fulgentii
1269 1310 1398 1378 fabulis
1434 1308 1440 1316 ’

224 1438 435 1483 consensum
467 1417 774 1504 Mythographum
807 1421 844 1483 II
884 1417 1066 1505 Fulgentii
1096 1416 1399 1504 mythologiarum

224 1521 330 1588 libros
364 1522 459 1609 ipsos
492 1524 537 1589 ad
568 1545 699 1589 manus
723 1523 892 1591 habuisse
924 1524 960 1590 in
989 1546 1163 1611 usumque
1187 1522 1401 1591 convertisse

223 1628 403 1717 probabile
425 1627 512 1696 mihi
529 1629 685 1708 videtum
710 1653 800 1717 quae
821 1653 960 1698 summa
976 1631 1161 1698 concordia
1176 1632 1273 1698 haud
1290 1630 1397 1697 dubie

223 1758 294 1802 non
317 1736 557 1821 intercederet,
573 1736 603 1803 si
619 1748 767 1824 uterque
790 1739 835 1804 ad
853 1738 1010 1804 eiusdem
1026 1740 1135 1806 fontis
1152 1738 1398 1805 auctoritatem

223 1866 261 1909 se
284 1842 507 1932 applicasset,
533 1867 622 1931 quae
646 1843 675 1910 si
699 1843 750 1911 ita
773 1856 900 1928 essent,
924 1845 1023 1911 nullo
1047 1846 1152 1910 modo
1175 1844 1252 1909 fieri
1268 1845 1394 1930 potuit,

225 1948 309 2036 quin
332 1951 446 2017 multo
473 1950 590 2037 magis
613 1951 706 2017 inter
736 1974 773 2017 se
797 1951 1044 2038 discreparent,
1073 1974 1154 2018 cum
1178 1949 1400 2036 Fulgentius,

224 2056 284 2142 qui
304 2067 472 2144 quattuor
494 2059 566 2124 fere
592 2059 733 2124 saecula
758 2069 841 2125 ante
871 2057 1124 2144 Mythographi
1157 2068 1310 2123 aetatem
1338 2058 1400 2123 flo-

224 2161 295 2230 ruit
317 2174 362 2247 et,
397 2175 437 2231 ut
464 2163 649 2231 scientiam
673 2176 875 2247 ostentaret,
907 2167 1021 2232 multa
1054 2167 1098 2231 de
1130 2163 1271 2252 proprio
1305 2186 1400 2251 penu

224 2268 352 2337 adiecit
375 2272 430 2337 vel
455 2270 606 2355 affinxit,
636 2271 780 2338 liberius
809 2283 902 2339 certe
929 2272 1116 2359 magisque
1144 2272 1189 2339 ad
1218 2270 1401 2339 arbitrium

225 2399 331 2463 quam
363 2375 471 2462 Myth.
498 2382 534 2443 ΙΙ
566 2380 665 2445 fonte
696 2400 760 2444 suo
794 2402 880 2444 usus
913 2378 966 2445 sit.
1020 2379 1188 2446 Maiorem
1221 2389 1402 2466 praeterea

225 2482 493 2551 admirationem
516 2486 670 2569 haberet,
694 2483 724 2551 si
748 2485 1031 2574 Mythographus
1056 2485 1091 2550 in
1116 2484 1245 2551 fabulis
1269 2496 1305 2551 et
1329 2495 1401 2567 ety-

224 2589 389 2677 mologiis
412 2592 486 2658 suis
511 2591 773 2659 conscribendis
797 2589 1030 2678 Fulgentium
1047 2589 1270 2677 neglexisset,
1291 2589 1402 2656 homi-

224 2719 307 2763 nem
330 2697 430 2763 illum
462 2721 504 2765 ea
533 2710 649 2766 aetate
673 2697 946 2780 celeberrimum,
981 2697 1081 2763 cuius
1113 2696 1202 2779 libri,
1238 2694 1274 2761 id
1307 2697 1401 2783 quod

225 2802 431 2891 superstites
452 2806 568 2871 adhuc
584 2804 670 2873 satis
686 2804 789 2871 multi
808 2804 944 2871 codices
962 2803 1182 2886 conlimrant,
1206 2825 1268 2889 per
1284 2812 1400 2870 totum

224 2909 381 2977 medium
405 2934 532 2979 aevum
556 2912 593 2979 in
617 2911 746 2979 scholis
771 2912 1015 2979 tractabantur
1038 2922 1073 2978 et
1089 2909 1188 2998 quasi
1212 2932 1275 2997 pro
1292 2908 1399 2976 sacris

224 3018 454 3102 habebantur,
483 3019 652 3106 cuiusque
680 3018 843 3106 vestigiis
872 3021 1012 3086 saeculo
1042 3018 1118 3108 ipso
1142 3021 1214 3083 XII
1245 3021 1398 3084 Ioannes

225 3122 501 3209 Sarisberiensis,
525 3127 649 3192 Bernh.
675 3126 905 3193 Carnutensis
929 3125 988 3193 alii
999 3130 1021 3215 ¹)
1058 3125 1277 3192 insistebant.
1325 3128 1402 3190 Iam

226 3229 386 3319 singulas
410 3233 548 3298 fabulas
571 3230 796 3319 subiungam.

386 3468 453 3532 tab.
479 3466 598 3542 lar-1
626 3487 669 3530 ex
685 3475 785 3551 parte
801 3466 895 3551 apud
913 3465 1014 3550 Fulg.
1032 3467 1048 3529 I
1067 3467 1086 3526 2
1110 3484 1142 3549 p.
1163 3466 1317 3541 l7,ro—1o
1336 3470 1397 3526 est

332 3632 363 3675 v.
381 3613 423 3673 27
448 3608 550 3694 Fulg.
573 3610 751 3674 Saturnus
765 3607 918 3672 Pollurz's
943 3605 1107 3690 (Pollucis
1126 3602 1289 3669 nonnulli
1311 3601 1403 3668 codi-

227 3716 295 3803 ces)
308 3716 422 3801 filius.
468 3716 622 3782 Polluris
636 3716 776 3801 lapsum
798 3712 924 3780 calami
941 3712 1027 3779 satis
1044 3709 1230 3798 antiquum
1246 3733 1322 3777 esse
1338 3731 1401 3798 pro

231 3823 383 3889 Telluris
405 3822 510 3890 lectio
534 3823 607 3889 cod.
631 3821 735 3891 Vind.
765 3821 862 3886 Coeli
883 3826 924 3885 et
944 3820 1095 3884 Pollurr'r
1117 3819 1227 3885 docet

334 3953 365 3995 v.
383 3933 510 3995 14-15
535 3952 554 3995 e
578 3929 679 4015 Fulg.
698 3931 751 3992 12
775 3949 807 4014 p.
828 3931 992 4010 lun-12.

226 4128 441 4137 --—--...-.

339 4237 363 4315 ¹)
386 4238 423 4296 cf.
447 4240 484 4298 A.
508 4236 633 4313 Gasquy
656 4238 686 4294 in
709 4236 786 4293 Berl.
802 4236 885 4293 Stud.
901 4234 920 4292 s.
936 4235 1024 4293 class.
1040 4234 1112 4291 Phil.
1129 4234 1171 4291 VI
1195 4227 1323 4315 (1887).
