3367 4867
742 307 964 367 ..42-

400 516 510 600 Myth.
535 525 571 581 et
594 515 690 584 Serv.
1052 516 1158 580 schol.
1182 515 1267 581 Ach.

264 665 297 708 v.
322 645 364 706 34
388 661 484 706 mare
881 638 993 706 maria

265 772 297 814 v.
322 751 365 813 37
389 744 575 834 superferri
598 744 698 832 aquis
711 746 826 834 coepit
882 746 984 834 aquis
1007 745 1193 834 superferri
1217 745 1333 834 coepit

265 857 343 921 v.9
390 854 485 919 unde
517 875 598 918 cum
630 851 747 919 Diana
780 853 828 920 sit
883 853 978 919 unde
1006 852 1123 919 Diana
1150 850 1313 937 quamvis
1341 850 1445 939 virgo

397 959 499 1046 virgo
883 958 930 1025 sit

268 1092 300 1135 v,
328 1071 367 1132 15
391 1066 642 1153 quaerentibus
670 1088 828 1153 erumpe-

395 1195 440 1257 re,
465 1172 557 1240 sicut
575 1176 742 1247 Lucanus
759 1194 828 1238 cre·
937 1177 1003 1221 om.

396 1279 486 1347 didit

266 1412 298 1455 v.
325 1391 456 1454 26-27
482 1388 593 1472 Myth.
611 1397 646 1453 et
662 1386 758 1454 Serv.
783 1385 828 1451 ad
885 1384 1447 1454 enuntiatisimmutatisalioloco

396 1494 544 1560 verbum
568 1502 778 1579 congruunt
887 1493 969 1578 (sch.
987 1494 1065 1580 388)
1089 1493 1176 1560 haec
1199 1503 1353 1561 narrant.

431 1677 499 1739 iab.
527 1676 588 1739 126
612 1698 657 1731 :
680 1671 713 1740 S.
731 1673 791 1736 Ae.
808 1673 860 1738 VI
882 1677 920 1737 14
944 1696 976 1760 p.
996 1676 1114 1754 7,o-1o

613 1806 658 1840 =
681 1779 751 1845 sch.
775 1778 862 1844 Ach.
890 1783 960 1845 192.

402 1859 513 1991 Myth.
537 1914 574 1972 et
596 1905 692 1974 Serv.
1057 1904 1162 1970 schol.
1187 1904 1272 1971 Ach.

266 2056 298 2099 v.
323 2035 365 2096 29
392 2030 634 2097 Minotaurum
657 2027 787 2095 dicitur
885 2027 1014 2094 dicitur
1038 2028 1279 2095 Minotaurum

265 2162 297 2204 v.
323 2140 450 2203 29-31
479 2145 683 2221 congruunt
886 2157 952 2201 om.

429 2316 498 2379 fab.
516 2317 696 2391 loun-n
721 2338 765 2372 =
788 2312 822 2381 S.
840 2313 900 2379 Ae.
918 2316 953 2378 11
972 2317 1037 2379 610
1059 2336 1091 2400 p.
1109 2317 1288 2396 suun-1³

719 2446 763 2480 ε
787 2419 858 2485 sch.
875 2420 960 2486 Ach.
979 2424 1029 2485 89.

334 2565 581 2633 S.Ae.11610
654 2564 657 2692 ι
730 2563 840 2648 Myth.
859 2566 895 2628 II
916 2567 976 2629 193
1057 2566 1060 2653 J
1126 2563 1232 2629 schol.
1248 2562 1334 2629 Ach.
1352 2566 1393 2628 89

312 2691 382 2758 Sed
408 2698 548 2757 constat
576 2693 641 2761 La·
724 2689 938 2772 Laomedon,
984 2711 1045 2754 rex
1117 2688 1187 2757 Sed
1217 2697 1357 2754 constat
1384 2690 1450 2758 La-

267 2797 493 2863 omedontem
523 2818 643 2883 supra·
670 2794 856 2879 Troianus,
869 2817 949 2862 cum
961 2794 1046 2861 Tro·
1074 2796 1299 2862 omedontem
1330 2814 1450 2881 supra-

269 2901 372 2970 dictis
411 2901 478 2968 diis
511 2914 643 2968 certam
671 2902 742 2969 iam
794 2902 1046 2970 aedificaturus
1074 2901 1178 2969 dietis
1213 2901 1280 2968 diis
1318 2910 1450 2968 certam

267 3008 408 3077 vovisse
455 3007 643 3095 pecuniam
672 3019 773 3091 esset,
806 3011 976 3096 Neptuno
1011 3020 1047 3076 et
1074 3008 1215 3078 vovisse
1261 3006 1450 3099 pecuniam

268 3116 313 3181 ad
340 3137 439 3182 sacra
466 3113 641 3181 facienda:
672 3114 829 3202 Apollini
858 3116 902 3182 ad
927 3116 1047 3183 civita-
1075 3117 1120 3183 ad
1152 3138 1251 3183 sacra
1278 3113 1451 3184 facienda.

268 3243 376 3308 quam
430 3220 644 3289 imminenti·
673 3219 719 3288 tis
748 3222 1047 3289 constructionem
1075 3244 1183 3310 quam
1216 3232 1299 3312 post
1333 3218 1450 3289 condi-

267 3330 334 3396 bus
352 3328 475 3416 Mysiis
493 3341 643 3396 transtu·
673 3328 870 3411 conductis,
916 3340 1047 3396 certam
1075 3341 1149 3397 tam
1183 3328 1327 3396 Troiam
1367 3328 1451 3394 dare

268 3436 310 3504 lit
327 3439 371 3503 ad
390 3459 572 3504 murorum
595 3438 644 3502 fa·
672 3436 717 3503 ad
752 3457 850 3503 sacra
887 3435 1048 3503 iacienda
1075 3436 1197 3503 noluit.
1234 3437 1332 3522 Ergo
1355 3437 1453 3501 dam-

267 3543 407 3612 bricam.
672 3541 861 3631 pecuniam
890 3541 1047 3627 devovit,
1075 3555 1200 3611 natum
1225 3541 1451 3611 ostendit...

268 3641 271 3646 ’
673 3672 780 3738 quam
835 3648 1049 3717 imminenti·

673 3758 740 3824 bus
783 3755 965 3844 promissis
1004 3757 1048 3823 ad

659 3884 855 3996 pmurorum
879 3862 1049 3930 fabricam

659 3969 863 4058 *transtulit

375 4148 529 4234 Accedit,
555 4150 651 4237 quod
668 4147 776 4216 etiam
789 4150 899 4217 altera
919 4147 1032 4216 maior
1046 4173 1128 4238 pars
1144 4150 1286 4216 fabulae
1302 4171 1321 4216 e
1337 4143 1452 4217 Servii

272 4254 524 4325 commentario
547 4254 655 4323 fluxit
678 4255 721 4344 (v.
745 4278 853 4345 supra
875 4280 907 4345 p.
932 4256 995 4344 35).
