3367 4867
662 278 885 340 ..51-

293 514 325 558 v.
345 493 385 555 15
410 511 482 555 non
506 499 600 557 recte
622 491 656 558 V
680 488 776 555 deam
800 488 951 555 tradidit
973 487 1202 555 nutriendam.

293 621 326 664 v.
347 600 386 663 16
410 597 532 664 schol.:
556 596 757 683 Leucothea}
784 617 870 682 qaae
892 600 928 661 et
947 597 1019 661 Ina.

293 727 326 771 v.
346 708 385 769 16
410 726 454 769 ex
475 705 584 770 Aeolo
601 705 720 790 gemiti
738 724 757 769 e
781 701 853 769 sch.
869 699 936 769 Th.
952 704 986 771 V
1009 707 1082 769 475.

294 835 326 878 v.
346 815 386 876 17
410 816 592 877 matertera
605 833 679 885 saa,
695 832 791 877 soror
803 809 967 876 uidelicet
978 810 1129 876 Semeles
1144 809 1221 876 add.
1239 809 1364 893 Myth.;

178 919 228 985 ef.
245 918 313 984 fab.
331 922 423 1001 78‚³⁹.

144 1063 147 1067 Δ
294 1049 327 1092 v.
345 1029 387 1090 22
412 1024 523 1111 Myth.
546 1027 620 1108 Iao,
650 1024 755 1091 schol.
772 1025 974 1107 Leucothea,
997 1043 1082 1090 uam
1104 1023 1211 1110 paulo
1227 1034 1312 1090 ante
1327 1021 1363 1089 in

177 1132 294 1199 schol.
318 1156 350 1199 v.
368 1136 388 1197 5
411 1134 614 1207 Leucothea,
639 1154 725 1219 qaae
747 1137 783 1198 et
802 1134 875 1198 Ima.

295 1263 327 1306 v.
345 1243 387 1304 22
409 1238 537 1306 melius
561 1240 666 1306 schol.
692 1249 728 1307 et
749 1242 784 1307 V
793 1240 921 1325 farere
943 1260 1006 1326 pro
1018 1239 1156 1325 farore.

296 1370 328 1413 v.
346 1350 387 1412 23
412 1347 518 1414 schol.
543 1370 619 1413 eum
634 1348 845 1414 Palaemone
856 1347 942 1432 filio
963 1367 1075 1413 suase
1091 1345 1188 1413 dedit
1208 1347 1246 1412 ire
1261 1368 1364 1414 mare.

188 1457 323 1522 Verum
346 1476 474 1520 nomen
492 1451 617 1520 Inonis
638 1451 713 1538 filii,
730 1455 817 1520 dum
839 1453 933 1520 inter
953 1450 1055 1521 vivos
1079 1462 1161 1537 erat,
1184 1451 1254 1522 fnit
1270 1453 1367 1521 Meli-

183 1571 293 1644 certa,
327 1572 408 1649 post
434 1571 585 1627 mortem
612 1559 649 1627 in
678 1562 785 1627 deum
813 1581 1004 1628 conversus
1033 1562 1222 1627 Palaemon
1250 1560 1367 1629 dietus

181 1676 256 1750 est3
282 1667 392 1753 Myth.
409 1669 477 1735 hoc
499 1669 576 1736 loeo
599 1688 725 1735 verum
746 1689 877 1734 nomen
902 1669 1052 1756 supplet,
1069 1667 1163 1755 quod
1186 1667 1223 1734 in
1243 1668 1367 1736 multis

180 1771 269 1841 aliis
297 1773 438 1842 scholiis
466 1774 577 1842 Theb.
602 1773 634 1841 ei
663 1772 816 1842 occurrit
846 1773 928 1861 (sch.
949 1772 1015 1840 Th.
1037 1777 1074 1839 II
1104 1779 1168 1841 383
1196 1777 1262 1841 Ima
1290 1793 1366 1841 cmm

186 1883 370 1949 Melicerte
381 1884 477 1969 filia,
503 1886 555 1951 IV
578 1886 631 1951 59.
657 1883 743 1971 562).

296 2013 328 2056 v.
348 1994 477 2055 25-27
506 2013 525 2055 e
553 1991 624 2057 sch.
652 1988 718 2055 Th.
743 1992 815 2059 VII
846 1993 920 2073 421,
948 1988 1043 2075 quod
1070 1986 1177 2054 fluxit
1204 2009 1224 2054 e
1246 1989 1280 2057 S.
1304 1989 1365 2055 Ae

180 2097 224 2164 V
248 2100 321 2163 241.

298 2227 330 2271 v.
348 2207 389 2269 26
413 2204 519 2271 schol.
542 2207 608 2270 Ino
631 2206 671 2270 im
693 2210 838 2271 Matrem
861 2206 1048 2272 Matutam.

297 2335 329 2378 v.
348 2316 477 2379 27-29
503 2312 616 2378 esch.
642 2310 708 2378 Th.
726 2314 778 2379 IV
802 2314 845 2377 59
869 2334 901 2398 p.
922 2315 1107 2395 l93,rs-n.

297 2443 329 2486 v.
347 2423 389 2485 29
401 2430 482 2507 post
494 2425 662 2485 certamem
676 2419 787 2504 Myth.
799 2415 920 2486 omisit
932 2418 1228 2505 qmadlrtlemiemm
1239 2423 1367 2483 vacant.

351 2635 420 2699 fab.
436 2635 597 2710 δῦθι-42
623 2654 643 2697 e
666 2631 736 2697 sch.
753 2628 820 2697 Th.
838 2634 894 2696 111
919 2635 983 2696 476
1006 2653 1039 2717 p.
1060 2633 1306 2713 loun—loss.

299 2796 331 2840 v.
349 2777 391 2839 32
415 2775 521 2841 schol.
546 2784 582 2840 et
605 2777 650 2842 V:
675 2771 712 2839 in
737 2773 876 2840 deserta
899 2782 936 2839 et
957 2770 994 2839 in
1019 2782 1185 2841 extrema.

299 2905 332 2947 v.
349 2884 391 2946 33
416 2883 588 2947 exercitas
610 2903 676 2947 om.
693 2882 734 2949 V.

300 3012 332 3054 v.
350 2992 392 3053 34
415 3011 542 3075 aquam
566 2989 601 3055 ei
621 2989 826 3055 ostendendo
849 3010 921 3055 non
946 2998 1001 3056 est
1021 2985 1059 3055 in
1084 2990 1190 3057 schol.

300 3117 331 3162 v.
349 3099 391 3162 39
415 3096 521 3162 schol.
546 3106 582 3162 et
605 3098 638 3163 V
655 3095 893 3181 petralata
915 3117 979 3184 pro
996 3096 1105 3184 petiit
1125 3119 1148 3162 a
1169 3098 1259 3165 Ioue.

300 3225 332 3269 v.
350 3206 391 3267 42
415 3214 496 3289 post
520 3204 705 3289 confectam
722 3208 774 3269 est
793 3204 915 3270 schor:
940 3203 984 3269 de
1007 3224 1077 3291 qno
1093 3204 1225 3290 templo
1245 3215 1369 3291 postea

185 3310 278 3377 data
299 3330 376 3375 esse
398 3308 565 3377 dicuntur
588 3311 736 3377 oracula
776 3309 846 3376 His
870 3308 986 3377 verbis
1009 3308 1148 3375 omissis
1165 3311 1369 3396 Mythogra-

193 3418 287 3507 phus
311 3414 462 3501 aliunde,
485 3414 604 3483 nescio
628 3438 673 3482 an
698 3439 718 3482 e
740 3415 774 3485 S.
789 3419 851 3484 Ae.
869 3420 921 3485 IV
948 3421 1018 3501 196,
1041 3414 1368 3502 interpretationem

191 3545 366 3591 cornuum
389 3521 618 3591 arietinorum
642 3520 797 3590 inseruit
834 3523 892 3593 Ex
914 3523 982 3590 hoe
1001 3520 1115 3591 Servii
1139 3520 1274 3590 scholio
1290 3545 1368 3591 eam

192 3628 340 3697 fluxisse
356 3630 459 3699 lectio
476 3641 639 3719 corrupta
660 3632 732 3699 cod.
749 3629 854 3700 Vind.
872 3628 1079 3697 confirmare
1098 3627 1252 3697 videtur:
1288 3628 1369 3696 Fin-

193 3734 292 3823 gitur
315 3749 434 3805 autem
455 3737 619 3805 cornibus
643 3736 809 3823 arietinis,
826 3738 921 3825 quod
945 3735 1031 3804 satis
1054 3736 1187 3805 estius
1210 3737 1267 3825 (z
1282 3736 1369 3805 satis

190 3842 291 3933 eius),
316 3867 406 3931 quae
428 3844 478 3911 ibi
502 3846 640 3930 dantur,
664 3844 700 3912 in
725 3847 866 3913 ululatu
889 3854 975 3912 sunt
997 3866 1165 3935 responsa
1188 3855 1225 3914 et
1247 3846 1369 3913 obscu-

191 3948 299 4018 ritate
327 3949 496 4020 involuta.
548 3954 710 4038 Quacum
738 3951 904 4022 Servium
937 3954 1108 4021 conferas:
1144 3971 1226 4020 cum
1254 3951 1369 4042 capite

189 4058 352 4144 arietino,
376 4062 469 4147 quod
493 4058 572 4128 ideo
595 4059 755 4148 fingitur,
785 4058 869 4149 quia
891 4058 977 4128 satis
1000 4058 1076 4127 eius
1099 4069 1185 4128 sunt
1207 4059 1369 4127 involuta

185 4187 369 4253 ,responsa

1267 4377 1300 4432 40
