3367 4867
651 300 887 361 -101-

171 530 206 595 p.
223 511 300 597 29⁰)
324 508 529 577 allinuavit:
561 509 649 593 „Die
672 508 798 594 Quelle
819 509 922 597 jenes
945 511 1094 576 Irrtums
1121 506 1350 576 hinsichtlich

170 617 234 681 der
242 626 341 703 petra
349 614 474 683 Martis
485 614 532 682 ist
540 615 751 683 vermutlich
761 613 990 684 dieselbewie
1002 613 1187 702 dieje-uige,
1198 613 1351 682 welcher

163 722 251 811 jene
274 721 583 810 Einschaltungen
607 722 784 790 verclankt
807 723 958 805 werden,
981 719 1038 788 ein
1057 725 1290 791 Kommentar
1305 742 1349 787 zu

173 830 238 898 Ον.
253 840 334 897 met
359 828 502 897 ahnlich
517 830 606 895 *dem
629 851 672 896 zu
688 829 820 916 Vergil,
845 832 978 911 Lucan,
1001 827 1149 911 Statius,
1163 826 1231 895 mit
1246 849 1350 915 argu-

170 947 292 1004 menta
315 937 526 1003 fabularum.
572 938 648 1004 Ans
676 934 809 1002 diesem
840 936 1074 1002 Kommentar
1106 932 1185 1001 sind
1207 933 1272 1001 ‘die
1299 956 1349 1001 er-

169 1045 340 1112 balteuen
357 1046 457 1111 Narr.
474 1043 531 1110 ein
545 1046 642 1128 Rest,
658 1042 802 1110 dholich
814 1041 882 1110 wie
893 1041 951 1109 die
962 1042 1168 1109 erhaltenen
1181 1040 1347 1110 Scholien

168 1173 214 1217 zu
224 1152 293 1217 den
302 1162 507 1238 genannten
520 1150 718 1218 Dichtern.“
743 1147 918 1218 Foersteri
926 1148 1124 1217 sententiae
1133 1149 1173 1215 R.
1183 1148 1347 1235 Franatl

169 1256 318 1341 accedit3
353 1269 476 1326 contra
509 1259 549 1324 A.
578 1259 812 1331 Leusclrke:
853 1260 908 1323 De
943 1256 1273 1343 Metamorphoseon
1308 1255 1346 1323 in

164 1363 314 1431 scholiis
331 1363 546 1452 Vergilianis
565 1363 703 1447 fabulis,
728 1363 819 1431 Diss.
838 1365 1016 1452 Marburg.
1044 1366 1127 1429 1895
1150 1362 1347 1429 luculenter

166 1471 427 1540 demonstravit
443 1471 695 1539 Narrationum
717 1472 853 1539 iontem
877 1469 1169 1538 commentarium
1192 1467 1346 1557 aliquem

170 1577 417 1665 Vergilianum
451 1577 572 1662 luisse3
608 1580 648 1645 cf.
679 1601 712 1665 p.
742 1582 795 1645 10:
831 1576 972 1662 „Nihilo
1006 1576 1117 1645 setius
1150 1575 1208 1645 his
1242 1576 1346 1644 rebus

168 1683 318 1753 minutis
346 1685 503 1772 exceptis
524 1686 666 1753 fabulae
689 1686 747 1770 (sc.
772 1687 872 1752 Narr.
897 1686 963 1751 fab.
989 1695 1024 1752 et
1047 1681 1189 1767 similes,
1211 1705 1302 1771 quae
1326 1708 1346 1749 a

166 1789 319 1879 Vergilii
344 1791 680 1871 commentatoribus
703 1791 903 1878 narrantur)
927 1789 978 1858 ita
1001 1802 1086 1857 sunt
1113 1800 1345 1877 comparatae,

164 1909 211 1965 ut
225 1899 270 1965 ad
285 1900 438 1966 eundem
453 1900 588 1967 iontem
604 1920 727 1965 omnes
743 1896 855 1968 redire
870 1895 1061 1965 verisimile
1076 1895 1130 1963 sit
1148 1895 1346 1965 Maximum

165 2004 276 2072 huius
299 2005 348 2085 rei
371 1992 636 2072 firmamentum
659 2004 733 2093 peti
756 2014 874 2092 potest
897 2027 941 2071 ex
965 2027 1006 2070 ea
1026 2026 1072 2089 re,
1096 2002 1189 2093 quod
1206 2002 1345 2073 diversa

161 2111 383 2183 scholiorum
415 2135 560 2202 corpora
591 2115 729 2180 fabulas
761 2134 899 2201 semper
931 2113 975 2178 ad
1015 2111 1168 2180 eundem
1194 2108 1344 2200 Vergilii

164 2205 285 2286 locum
301 2220 464 2304 afferunt,
487 2219 625 2291 etiamsi
641 2242 713 2286 non
729 2219 967 2306 intellegatur,
983 2218 1068 2308 quid
1085 2219 1129 2286 ad
1145 2217 1345 2306 Vergilium

166 2325 473 2416 interpretandum
496 2325 582 2395 velit
605 2328 751 2394 fabula.“
798 2328 848 2399 Et
869 2352 901 2417 p.
921 2330 976 2394 ll:
1009 2328 1109 2412 „Qua
1137 2325 1279 2416 quidem
1307 2349 1345 2392 re

167 2456 239 2500 non
264 2435 380 2500 solum
403 2433 578 2503 evincitur
601 2436 666 2502 has
689 2435 828 2502 fabulas
852 2457 975 2502 omnes
999 2436 1044 2501 ad
1068 2456 1181 2505 uuum
1208 2436 1343 2500 iontem

168 2539 289 2623 redire,
323 2542 384 2608 sed
416 2540 525 2609 etiam
554 2542 650 2609 hunc
681 2544 816 2610 iontem
844 2540 953 2608 luisse
977 2541 1269 2608 commentarium
1298 2541 1343 2611 ad

167 2646 375 2734 Vergiliana
404 2649 559 2716 carmina
590 2648 799 2736 explicanda
831 2648 1038 2714 conlectum.
1085 2647 1187 2739 Quae
1216 2668 1272 2713 res
1301 2668 1342 2714 eo

167 2753 264 2822 omni
289 2753 511 2824 dubitatione
533 2755 715 2839 eximitur,'
731 2741 1085 2844 ’quod'compluriens
1108 2750 1342 2839 complurium

162 2861 410 2931 narrationum
445 2863 603 2931 eiusdem
637 2863 696 2947 rei,
734 2884 824 2953 quae
858 2861 943 2929 olim
978 2862 1174 2944 exstabant,
1212 2884 1253 2928 ea
1288 2872 1344 2930 est

161 2967 288 3052 electa,
310 2991 400 3056 qnae
424 2991 505 3036 cum
528 2969 687 3057 Vergilio
710 2973 911 3058 congruat“
1339 2960 1342 2968 ⁴

275 3097 351 3161 Iam
375 3095 535 3181 singulas
558 3097 696 3162 fabulas
720 3093 929 3164 adscribam:

326 3297 724 3376 lab.17,ro-—5:Narr.
748 3296 815 3361 lab.
840 3296 892 3363 VI
917 3300 936 3358 4
959 3317 991 3380 p.
1009 3299 1081 3360 829.
1111 3297 1127 3357 l
1153 3298 1172 3357 8
1195 3315 1228 3379 p.
1245 3297 1317 3358 792.

273 3440 304 3482 v.
322 3421 364 3482 42
381 3423 416 3484 et
430 3439 506 3483 cum
530 3440 574 3484 ex
588 3420 709 3506 ardore
730 3419 855 3486 aestino
876 3418 971 3485 sitim
986 3420 1104 3485 sedare
1119 3417 1222 3483 vellet
1236 3419 1282 3499 V;
1306 3423 1342 3481 et

162 3518 243 3588 eum
277 3546 322 3590 ex
352 3526 474 3591 ardore
507 3531 621 3591 aestus
654 3549 694 3591 ac
732 3512 950 3611 longitudine
982 3525 1059 3589 niue
1090 3523 1184 3589 silim
1220 3524 1342 3591 sedare

160 3630 269 3696 uellet
301 3633 393 3698 Narr
426 3632 493 3699 iab.
522 3654 588 3700 sec.
617 3632 802 3717 staveren,
836 3638 871 3698 et
896 3652 972 3697 cum
1005 3653 1050 3697 ex
1071 3631 1192 3699 ardore
1212 3631 1340 3697 aestivo

161 3737 384 3824 lungitudine
417 3740 494 3805 vrbe
522 3739 618 3805 sitim
652 3739 771 3806 sedura
800 3738 903 3804 uellet
931 3740 1030 3833 Narr.
1061 3739 1131 3807 lab.
1163 3736 1340 3825 Excerpta

164 3836 345 3932 Vindoba)
369 3869 441 3934 cap.
459 3851 509 3912 73.

273 3976 304 4018 v.
322 3957 364 4019 43
389 3952 498 4039 ruyth.
523 3955 620 4020 codd.
646 3965 681 4019 et
705 3954 791 4025 Exc.
817 3951 928 4047 Vind,
947 3954 988 4017 ab
1011 3954 1079 4051 his,¹
1102 3953 1199 4021 Stnv.
1223 3954 1264 4017 ab
1287 3954 1339 4018 iis.

163 4100 379 4110 ‚aq-..m

178 4182 181 4187 ’
278 4171 302 4254 ¹)
323 4175 373 4234 De
397 4175 538 4234 Callistus
561 4156 673 4243 labala,
695 4174 798 4252 Leipn
820 4174 904 4251 Stud.
918 4170 976 4232 ΧΠ
999 4170 1114 4255 (1890)
1138 4193 1169 4250 p.
1186 4172 1261 4234 261.
1290 4247 1294 4252 .

153 4304 161 4314 ·
275 4260 299 4346 ἵ)
322 4264 370 4322 De
392 4265 438 4322 his
453 4263 562 4322 sabulis
578 4283 615 4322 ex
630 4264 687 4322 Ον.
702 4273 775 4323 met
791 4265 912 4340 Argum.
928 4264 1077 4340 ‘excerptis
1093 4276 1183 4339 supra
1198 4261 1262 4338 p.3
1281 4255 1350 4335 egis
