3367 4867
740 284 983 344 -120-

275 493 420 579 Myth.I
445 496 486 557 83
512 514 561 574 ea,
590 515 679 578 quae
704 494 747 559 de
771 492 907 560 Aloidis
930 495 1043 577 refert,
1067 519 1087 561 e
1110 495 1206 563 Serv.
1231 497 1289 563 Ae.
1308 499 1357 562 VI
1381 502 1450 562 582

274 600 438 668 hauserit.

378 708 533 776 Uberius
557 730 696 796 quoque
719 708 902 794 fusiusque
924 709 1208 796 Mythographus
1224 714 1260 777 II
1285 733 1451 779 enarrare

274 839 314 880 ac
358 815 512 882 maxime
551 815 786 902 etymologias
824 815 1023 882 accuratius
1060 817 1292 905 pluribusque
1330 820 1450 887 verbis

274 921 417 1008 exsequi
443 923 539 1004 solet,
576 922 676 988 cuins
700 922 750 988 rei
774 923 845 988 duo
870 923 1050 989 luculenta
1072 926 1246 1009 proferam
1272 928 1450 1012 exempla:

387 1103 499 1190 Myth.
515 1104 550 1166 II
579 1105 717 1183 l3,o-—1o
995 1103 1106 1188 Myth.
1125 1107 1141 1168 Ι
1167 1109 1342 1203 lllao-—ss

318 1233 419 1298 Aello
452 1241 571 1295 autem
601 1223 701 1313 qnasi
735 1231 835 1309 αἴρων
933 1228 1034 1294 Aello
1051 1229 1156 1315 cupit,
1173 1230 1265 1316 rapit
1282 1232 1451 1317 Ocypete,

274 1342 351 1406 utto
384 1336 538 1404 alienum
575 1336 711 1415 tollens
746 1334 835 1418 Ocy-
890 1334 1042 1401 Celaeno
1070 1337 1236 1404 recondit.
1282 1338 1384 1403 Aello
1412 1338 1451 1404 id

276 1456 359 1533 pete
385 1443 422 1509 id
456 1455 510 1510 est
534 1441 638 1508 citius
662 1441 832 1506 auferens.
890 1452 943 1508 est
959 1441 1114 1508 alienum
1133 1444 1269 1526 tollens,
1286 1445 1447 1531 Ocypete

275 1554 426 1621 Celaeno
461 1572 595 1636 graece,
631 1546 759 1619 Latine
782 1546 833 1612 ni·
887 1548 924 1614 id
938 1559 992 1616 est
1001 1548 1106 1616 citius
1116 1552 1287 1633 auferens,
1299 1552 1453 1619 Celaeno

275 1680 378 1745 grum
402 1656 537 1723 dicitur.
573 1659 668 1723 Nam
679 1655 833 1744 primum
889 1657 925 1724 id
949 1668 1003 1724 est
1027 1655 1137 1742 nigra.

275 1778 329 1833 est
352 1766 467 1832 aliena
491 1785 622 1852 capere,
639 1765 834 1830 secundum

274 1873 393 1960 cupita
416 1872 591 1954 invadere,
616 1869 759 1938 tertium
784 1892 835 1936 ce-

274 1983 354 2061 lare,
378 2003 468 2068 quae
490 1979 718 2046 invaduntur.
861 1958 864 2046 1

862 2160 865 2193 1

382 2161 493 2246 Myth.
507 2164 542 2225 11
573 2164 727 2242 Ilpa-ao
1001 2162 1345 2245 Mytlr.1110,2o—2s

321 2286 436 2353 Prima
471 2297 589 2352 autem
625 2283 761 2367 Clotho,
800 2283 835 2348 id
937 2285 1063 2352 Clotho
1087 2286 1229 2369 Graece,
1254 2285 1382 2358 Latine
1403 2287 1454 2353 di·

275 2407 328 2463 est
344 2391 512 2476 evocatio,
533 2391 688 2459 secunda
705 2390 836 2461 Lache·
891 2391 983 2459 citur
997 2393 1165 2477 evocatio,
1182 2393 1351 2465 Lachesis
1367 2415 1452 2478 som,

275 2502 324 2568 sis
347 2500 383 2567 id
412 2513 466 2569 est
489 2522 571 2584 sors,
608 2496 712 2568 tertia
735 2500 836 2565 Atro·
891 2501 1044 2586 Atropos
1068 2499 1144 2567 sine
1168 2498 1297 2567 ordine.

273 2632 337 2695 pos
360 2607 395 2675 id
421 2620 475 2676 est
498 2607 574 2676 sine
597 2605 727 2674 ordine.
766 2605 836 2673 Pri-

273 2740 333 2784 ma
348 2716 459 2803 igitur
472 2713 670 2784 nativitatis
687 2727 740 2783 est
756 2739 835 2784 evo·

275 2823 378 2907 cati0,
425 2824 579 2891 secunda
616 2822 712 2890 vitae
750 2846 833 2907 sors,
860 2761 864 2879 1

275 2930 572 3017 quemadmodum
607 2930 684 3017 quis
714 2927 833 2998 vivere
859 2882 863 3011 1

272 3034 392 3123 possit,
418 3034 521 3104 tertia
532 3036 655 3103 mortis
669 3034 833 3119 conditi0,

274 3164 364 3228 quae
388 3142 464 3208 sine
487 3144 567 3229 lege
591 3142 698 3210 venit.
859 3055 862 3228 1

385 3322 506 3392 Etiam
530 3324 650 3390 haere
668 3324 778 3408 Myth.
790 3327 826 3391 11
844 3347 865 3390 a
880 3326 897 3390 I
914 3323 1042 3407 diflert,
1067 3326 1161 3412 quod
1177 3327 1290 3392 multo
1306 3321 1448 3410 saepius

274 3453 292 3495 e
317 3430 557 3518 compluribus
581 3430 783 3498 auctoribus
805 3432 912 3498 modo
935 3431 1020 3499 hine
1040 3434 1146 3499 modo
1163 3432 1260 3499 illinc
1276 3430 1448 3518 quidquid

275 3537 361 3603 utile
390 3538 764 3625 accommodatumque
787 3539 832 3605 ad
856 3560 945 3626 opus
973 3561 1078 3606 suum
1100 3539 1355 3626 perficiendum
1380 3537 1448 3603 sibi

273 3643 390 3710 visum
435 3656 496 3726 est,
545 3656 619 3711 tum
667 3645 826 3732 integras
873 3645 1069 3714 sententias
1116 3658 1192 3713 tum
1240 3645 1446 3712 continuam

273 3750 468 3818 orationem
504 3752 676 3840 colligens
709 3755 849 3821 fabulas
888 3776 970 3821 suas
1005 3747 1273 3821 consarcinavit.
1340 3743 1448 3812 Unde

273 3856 368 3922 haud
393 3858 525 3946 exigua
546 3881 665 3928 earum
684 3883 765 3950 pars
789 3860 890 3948 quasi
914 3861 1118 3929 vestimenti
1143 3883 1163 3928 e
1185 3858 1294 3927 variis
1317 3854 1448 3944 pannis

274 3965 412 4032 consuti
447 3987 531 4052 prae
566 3989 604 4033 se
631 3970 700 4035 fert
728 3968 881 4054 speciem
911 3991 953 4035 eo
982 3979 1102 4035 tamen
1132 3968 1246 4050 mod0,
1282 3975 1330 4046 ut,
1366 3981 1447 4027 cnm

273 4070 417 4159 singula
440 4074 527 4141 satis
551 4077 733 4143 commode
757 4098 798 4141 ac
822 4077 924 4142 docte
948 4075 1020 4143 sint
1044 4096 1187 4155 conexa,
1217 4085 1331 4141 totum
1356 4067 1446 4134 nihil

272 4179 345 4247 fere
368 4181 499 4247 habeat
522 4182 737 4251 offensionis.
787 4185 838 4250 Ut
863 4204 976 4267 pauca
999 4183 1175 4268 proferam
1200 4180 1373 4264 exempla:
