3367 4867
693 276 916 339 ..63-

219 504 366 550 manum
386 481 555 550 habuisse
576 482 660 550 inde
677 496 832 574 apparet,
848 485 1034 572 quodcum
1050 485 1244 554 nonnullae
1259 485 1400 551 fabulae

221 589 483 657 accuratissime
514 613 595 657 cum
628 590 772 659 scholiis
805 591 876 658 illis
905 602 1110 679 congruunt
1141 602 1217 659 tum
1244 590 1400 661 maxime

219 698 287 764 fab.
309 703 374 765 220
407 708 443 766 et
476 702 537 764 221
573 709 614 766 ut
647 699 741 786 apud
771 699 1077 787 Mythographum
1111 697 1162 766 ita
1189 697 1226 765 in
1256 696 1399 767 scholiis

220 808 330 875 altera
357 806 504 874 alteram
532 805 765 893 subsequitur.
818 808 899 873 Hae
926 814 1012 873 sunt
1038 807 1179 874 fabulae
1207 828 1227 874 e
1255 804 1397 874 scholiis

222 912 430 983 Horatianis
454 913 646 982 derivatae:

380 1114 449 1178 lab.
465 1113 626 1187 dano-15
651 1130 671 1175 e
695 1109 765 1175 sch.
784 1110 967 1176 Pseudacr.
984 1111 1122 1176 canni
1151 1113 1198 1193 16,
1226 1114 1273 1178 13.

328 1235 615 1321 Mythographus
638 1232 768 1300 librum
790 1233 986 1319 pleniorem
1008 1244 1129 1302 nostro
1153 1233 1190 1299 in
1214 1254 1320 1301 usum
1340 1256 1401 1301 vo-

222 1364 319 1409 casse
345 1340 495 1426 videtur,
523 1364 608 1408 nam
636 1340 674 1407 in
703 1340 847 1408 scholiis
875 1339 1029 1428 legimus
1056 1365 1078 1406 a
1105 1343 1208 1429 vulpe
1235 1342 1400 1408 astutiam

222 1456 397 1538 ceteraque
422 1472 443 1515 a
470 1451 625 1536 reliquis.
676 1452 719 1514 In
752 1447 1004 1535 Porphyrionis
1013 1450 1036 1536 ¹)
1069 1447 1321 1517 commentario
1354 1449 1399 1515 ad

221 1558 317 1624 hunc
340 1557 457 1623 locum
480 1557 588 1624 verba
612 1557 724 1641 Myth.
740 1580 772 1624 v.
794 1560 923 1622 13-15
947 1556 1092 1624 omnino
1117 1558 1253 1625 desunt

381 1756 448 1821 tab.
468 1756 648 1829 lolius-22
673 1751 800 1819 iisdem
823 1752 896 1818 fere
919 1749 1036 1817 verbis
1052 1763 1198 1819 narrant
1215 1752 1397 1819 Pseudacr.

222 1860 328 1927 schol.
346 1881 448 1928 carm
466 1864 502 1926 II
524 1865 572 1944 14,
597 1864 647 1927 20.

382 2060 449 2125 lah.
469 2060 649 2135 wilm-ao
676 2057 716 2124 cf.
735 2056 917 2122 Pseudacr.
935 2054 1041 2121 schol.
1059 2075 1162 2121 carm.
1179 2056 1232 2121 IV
1249 2058 1278 2138 7,
1302 2056 1353 2120 25.

328 2178 499 2249 Similiter
509 2181 616 2248 schol.
631 2181 756 2268 Porph.
768 2180 806 2247 in
817 2181 970 2249 eundem
982 2179 1100 2247 locum
1113 2181 1156 2268 (p.
1168 2177 1398 2266 150H01der):

223 2287 293 2358 Sed
308 2310 405 2354 nunc
421 2311 492 2355 non
509 2290 554 2355 ad
569 2287 658 2355 illud
673 2290 787 2372 refert,
804 2289 899 2376 quod
914 2297 996 2375 post
1012 2285 1277 2354 distractionem
1292 2283 1399 2369 illam,

224 2417 329 2482 quam
354 2397 398 2462 ab
421 2395 520 2483 equis
544 2395 617 2462 suis
640 2417 767 2483 passus
790 2406 853 2481 est,
876 2393 913 2461 in
937 2394 1049 2462 vitam
1072 2392 1258 2462 restitutus
1281 2394 1399 2477 fertur,

223 2503 284 2569 sed
306 2502 350 2569 ad
366 2501 608 2569 condicionem
623 2501 860 2587 mortalitatis
884 2523 991 2590 quam
1006 2524 1077 2568 non
1095 2499 1213 2589 potuit
1228 2508 1399 2588 perpetuo

223 2611 381 2696 effugere
403 2631 465 2696 per
488 2609 626 2676 Dianae
648 2611 813 2677 favorem.

383 2810 450 2875 fab.
468 2811 533 2873 220
557 2806 602 2873 ad
625 2806 774 2874 verbum
798 2803 963 2891 congruit
986 2825 1067 2871 curn
1091 2804 1273 2870 Pseudacr.
1291 2801 1398 2868 schol.

225 2914 323 3001 epod.
339 2916 390 2983 VI
418 2918 466 2980 13.

383 3114 450 3178 lah.
467 3115 528 3176 221
556 3132 576 3177 e
600 3110 782 3178 Pseudacr.
800 3109 907 3177 schol.
923 3107 960 3175 in
985 3108 1084 3197 epod.
1101 3111 1152 3176 VI
1180 3112 1228 3174 14.

329 3239 403 3302 v.2
442 3236 696 3302 Laudromenas
730 3236 826 3302 codd.
864 3235 1056 3317 Pseudacr.,
1089 3234 1329 3299 Laudomenus
1357 3233 1399 3314 R,

228 3343 448 3409 Clazomenas
480 3364 563 3408 corr.
586 3341 717 3426 Maius;
753 3343 794 3410 cf.
816 3341 1012 3429 Hipponax
1043 3342 1107 3425 frg.
1134 3343 1172 3404 13
1197 3337 1342 3425 {(Berglc‚
1364 3340 1398 3404 P.

225 3453 265 3522 L.
281 3450 324 3517 G.
341 3452 377 3515 11
402 3450 492 3536 465):

434 3572 600 3641 'Amisus'
622 3575 856 3648 Ἱππώνακτος·
890 3576 928 3639 οὗ
952 3573 1013 3656 γὰρ
1036 3573 1100 3636 ἀλλ’
1123 3573 1195 3655 ἥκω

431 3683 471 3747 Ὦ
492 3683 711 3766 Κλαζομένιοι,
734 3682 906 3752 Βούπαλος
927 3675 1131 3767 κατῄσχυνεν.

332 3811 400 3874 ν.4
425 3807 531 3873 schol.
549 3815 616 3893 pro
639 3807 714 3872 risu
741 3806 818 3871 loco
836 3811 905 3890 per
925 3803 1042 3869 risum.

331 3955 362 3998 v.
380 3935 400 3996 5
424 3932 515 3998 vz'toe
537 3953 659 3998 exosus
681 3951 753 3997 non
778 3927 892 3996 estin
917 3926 1069 3997 scholiis.

335 4144 360 4232 ¹)
383 4149 593 4226 Porphyrionis
621 4154 828 4207 commentum
856 4147 887 4207 in
911 4145 992 4209 Hor.
1017 4146 1124 4211 Flacc.
1147 4161 1208 4205 rec.
1230 4149 1264 4201 Α.
1284 4143 1409 4211 Homer,
1490 4202 1495 4212 ,

224 4237 278 4296 Ad
302 4239 383 4298 Aeni
406 4246 532 4316 pontem
557 4237 652 4300 1894.
