<?xml version="1.0" encoding="UTF-8"?>
<!DOCTYPE html PUBLIC "-//W3C//DTD XHTML 1.0 Transitional//EN"
    "http://www.w3.org/TR/xhtml1/DTD/xhtml1-transitional.dtd">
<html xmlns="http://www.w3.org/1999/xhtml" xml:lang="en" lang="en">
 <head>
  <title>
</title>
<meta http-equiv="Content-Type" content="text/html;charset=utf-8" />
  <meta name='ocr-system' content='tesseract 3.04.00' />
  <meta name='ocr-capabilities' content='ocr_page ocr_carea ocr_par ocr_line ocrx_word'/>
</head>
<body>
  <div class='ocr_page' id='page_1' title='image "./demythographiva00kesegoog_0130.png"; bbox 0 0 3367 4867; ppageno 0'>
   <div class='ocr_carea' id='block_1_1' title="bbox 730 1000 1048 1080">
    <p class='ocr_par' dir='ltr' id='par_1_1' title="bbox 730 1000 1048 1080">
     <span class='ocr_line' id='line_1_1' title="bbox 730 1000 1048 1080; baseline 0 -1"><span class='ocrx_word' id='word_1_1' title='bbox 730 1000 844 1080; x_wconf 86' lang='lat' dir='ltr'><strong>Pars</strong></span> <span class='ocrx_word' id='word_1_2' title='bbox 885 1002 1048 1080; x_wconf 85' lang='lat' dir='ltr'><strong>altera.</strong></span> 
     </span>
    </p>
   </div>
   <div class='ocr_carea' id='block_1_2' title="bbox 788 1319 995 1423">
    <p class='ocr_par' dir='ltr' id='par_1_2' title="bbox 788 1319 995 1423">
     <span class='ocr_line' id='line_1_2' title="bbox 788 1319 995 1423; baseline -0.01 -23"><span class='ocrx_word' id='word_1_3' title='bbox 788 1319 995 1423; x_wconf 80' lang='lat' dir='ltr'><strong>Caputl</strong></span> 
     </span>
    </p>
   </div>
   <div class='ocr_carea' id='block_1_3' title="bbox 474 1569 1319 1656">
    <p class='ocr_par' dir='ltr' id='par_1_3' title="bbox 474 1569 1319 1656">
     <span class='ocr_line' id='line_1_3' title="bbox 474 1569 1319 1656; baseline -0.002 -18"><span class='ocrx_word' id='word_1_4' title='bbox 474 1570 577 1648; x_wconf 81' lang='lat' dir='ltr'><strong>Quae</strong></span> <span class='ocrx_word' id='word_1_5' title='bbox 601 1570 696 1639; x_wconf 81' lang='lat' dir='ltr'><strong>ratlo</strong></span> <span class='ocrx_word' id='word_1_6' title='bbox 720 1569 921 1640; x_wconf 79' lang='lat' dir='ltr'>intercedat</span> <span class='ocrx_word' id='word_1_7' title='bbox 945 1571 1040 1639; x_wconf 87' lang='lat' dir='ltr'><strong>luter</strong></span> <span class='ocrx_word' id='word_1_8' title='bbox 1062 1569 1175 1656; x_wconf 76' lang='lat' dir='ltr'><strong>Myth.</strong></span> <span class='ocrx_word' id='word_1_9' title='bbox 1192 1569 1218 1636; x_wconf 94' lang='grc' dir='ltr'><strong>ΙΙ</strong></span> <span class='ocrx_word' id='word_1_10' title='bbox 1234 1574 1272 1639; x_wconf 87' lang='lat' dir='ltr'><strong>et</strong></span> <span class='ocrx_word' id='word_1_11' title='bbox 1295 1569 1319 1637; x_wconf 93' lang='grc' dir='ltr'><strong>Ι.</strong></span> 
     </span>
    </p>
   </div>
   <div class='ocr_carea' id='block_1_4' title="bbox 304 1762 1495 3994">
    <p class='ocr_par' dir='ltr' id='par_1_4' title="bbox 304 1762 1495 3994">
     <span class='ocr_line' id='line_1_4' title="bbox 414 1762 1494 1851; baseline 0.001 -20"><span class='ocrx_word' id='word_1_12' title='bbox 414 1766 456 1831; x_wconf 92' lang='lat' dir='ltr'><strong>In</strong></span> <span class='ocrx_word' id='word_1_13' title='bbox 481 1762 839 1832; x_wconf 80' lang='lat' dir='ltr'>commentationibus</span> <span class='ocrx_word' id='word_1_14' title='bbox 864 1764 1021 1833; x_wconf 87' lang='lat' dir='ltr'><strong>virorum</strong></span> <span class='ocrx_word' id='word_1_15' title='bbox 1044 1767 1238 1848; x_wconf 84' lang='lat' dir='ltr'><strong>doctorum,</strong></span> <span class='ocrx_word' id='word_1_16' title='bbox 1262 1764 1322 1851; x_wconf 91' lang='lat' dir='ltr'><strong>qui</strong></span> <span class='ocrx_word' id='word_1_17' title='bbox 1346 1766 1389 1832; x_wconf 91' lang='lat' dir='ltr'><strong>de</strong></span> <span class='ocrx_word' id='word_1_18' title='bbox 1413 1766 1494 1833; x_wconf 81' lang='lat' dir='ltr'><strong>hac</strong></span> 
     </span>
     <span class='ocr_line' id='line_1_5' title="bbox 304 1869 1495 1961; baseline 0.003 -24"><span class='ocrx_word' id='word_1_19' title='bbox 304 1894 343 1939; x_wconf 84' lang='lat' dir='ltr'><strong>re</strong></span> <span class='ocrx_word' id='word_1_20' title='bbox 371 1869 542 1939; x_wconf 89' lang='lat' dir='ltr'><strong>iudicium</strong></span> <span class='ocrx_word' id='word_1_21' title='bbox 570 1872 738 1955; x_wconf 74' lang='lat' dir='ltr'><strong>tulerunt,</strong></span> <span class='ocrx_word' id='word_1_22' title='bbox 766 1870 971 1960; x_wconf 87' lang='lat' dir='ltr'>saepissime</span> <span class='ocrx_word' id='word_1_23' title='bbox 1000 1871 1172 1961; x_wconf 89' lang='lat' dir='ltr'><strong>scriptum</strong></span> <span class='ocrx_word' id='word_1_24' title='bbox 1198 1869 1352 1957; x_wconf 85' lang='lat' dir='ltr'><strong>legimus</strong></span> <span class='ocrx_word' id='word_1_25' title='bbox 1383 1870 1495 1940; x_wconf 42' lang='lat' dir='ltr'><strong>artis*</strong></span> 
     </span>
     <span class='ocr_line' id='line_1_6' title="bbox 306 1975 1494 2066; baseline -0.001 -20"><span class='ocrx_word' id='word_1_26' title='bbox 306 1979 396 2046; x_wconf 90' lang='lat' dir='ltr'><strong>simo</strong></span> <span class='ocrx_word' id='word_1_27' title='bbox 419 1975 690 2046; x_wconf 84' lang='lat' dir='ltr'><strong>necessitudinis</strong></span> <span class='ocrx_word' id='word_1_28' title='bbox 713 1977 857 2046; x_wconf 89' lang='lat' dir='ltr'><strong>vinculo</strong></span> <span class='ocrx_word' id='word_1_29' title='bbox 881 1980 1218 2066; x_wconf 86' lang='lat' dir='ltr'><strong>Mythographuml</strong></span> <span class='ocrx_word' id='word_1_30' title='bbox 1244 1999 1325 2044; x_wconf 91' lang='lat' dir='ltr'><strong>cum</strong></span> <span class='ocrx_word' id='word_1_31' title='bbox 1341 1981 1377 2043; x_wconf 93' lang='grc' dir='ltr'><strong>ΙΙ</strong></span> <span class='ocrx_word' id='word_1_32' title='bbox 1402 2000 1494 2045; x_wconf 63' lang='lat' dir='ltr'><strong>con-</strong></span> 
     </span>
     <span class='ocr_line' id='line_1_7' title="bbox 305 2085 1491 2172; baseline -0.003 -18"><span class='ocrx_word' id='word_1_33' title='bbox 305 2088 468 2154; x_wconf 89' lang='lat' dir='ltr'><strong>iunctum</strong></span> <span class='ocrx_word' id='word_1_34' title='bbox 491 2108 568 2153; x_wconf 90' lang='lat' dir='ltr'><strong>esse</strong></span> <span class='ocrx_word' id='word_1_35' title='bbox 587 2087 684 2153; x_wconf 91' lang='lat' dir='ltr'><strong>hunc</strong></span> <span class='ocrx_word' id='word_1_36' title='bbox 700 2085 736 2153; x_wconf 91' lang='lat' dir='ltr'><strong>in</strong></span> <span class='ocrx_word' id='word_1_37' title='bbox 760 2087 917 2170; x_wconf 83' lang='lat' dir='ltr'><strong>modum,</strong></span> <span class='ocrx_word' id='word_1_38' title='bbox 939 2098 981 2153; x_wconf 90' lang='lat' dir='ltr'><strong>ut</strong></span> <span class='ocrx_word' id='word_1_39' title='bbox 997 2087 1285 2172; x_wconf 87' lang='lat' dir='ltr'><strong>Mythographus</strong></span> <span class='ocrx_word' id='word_1_40' title='bbox 1304 2086 1491 2152; x_wconf 83' lang='lat' dir='ltr'><strong>secundus</strong></span> 
     </span>
     <span class='ocr_line' id='line_1_8' title="bbox 305 2191 1483 2280; baseline -0.002 -20"><span class='ocrx_word' id='word_1_41' title='bbox 305 2195 436 2261; x_wconf 87' lang='lat' dir='ltr'><strong>multas</strong></span> <span class='ocrx_word' id='word_1_42' title='bbox 463 2193 602 2260; x_wconf 83' lang='lat' dir='ltr'><strong>fabulas</strong></span> <span class='ocrx_word' id='word_1_43' title='bbox 625 2217 646 2259; x_wconf 93' lang='lat' dir='ltr'><strong>a</strong></span> <span class='ocrx_word' id='word_1_44' title='bbox 668 2192 782 2280; x_wconf 90' lang='lat' dir='ltr'><strong>primo</strong></span> <span class='ocrx_word' id='word_1_45' title='bbox 810 2204 995 2262; x_wconf 87' lang='lat' dir='ltr'><strong>mutuatus</strong></span> <span class='ocrx_word' id='word_1_46' title='bbox 1018 2192 1074 2261; x_wconf 89' lang='lat' dir='ltr'><strong>sit.</strong></span> <span class='ocrx_word' id='word_1_47' title='bbox 1121 2192 1258 2260; x_wconf 86' lang='lat' dir='ltr'><strong>Primus</strong></span> <span class='ocrx_word' id='word_1_48' title='bbox 1286 2192 1381 2258; x_wconf 90' lang='lat' dir='ltr'><strong>enim</strong></span> <span class='ocrx_word' id='word_1_49' title='bbox 1409 2191 1483 2259; x_wconf 91' lang='lat' dir='ltr'><strong>iam</strong></span> 
     </span>
     <span class='ocr_line' id='line_1_9' title="bbox 307 2297 1483 2388; baseline -0.001 -22"><span class='ocrx_word' id='word_1_50' title='bbox 307 2299 441 2366; x_wconf 90' lang='lat' dir='ltr'><strong>Maius</strong></span> <span class='ocrx_word' id='word_1_51' title='bbox 463 2297 500 2364; x_wconf 90' lang='lat' dir='ltr'><strong>in</strong></span> <span class='ocrx_word' id='word_1_52' title='bbox 521 2301 627 2385; x_wconf 82' lang='lat' dir='ltr'><strong>praef.</strong></span> <span class='ocrx_word' id='word_1_53' title='bbox 643 2324 677 2387; x_wconf 88' lang='lat' dir='ltr'><strong>p.</strong></span> <span class='ocrx_word' id='word_1_54' title='bbox 692 2301 762 2368; x_wconf 90' lang='lat' dir='ltr'><strong>VII</strong></span> <span class='ocrx_word' id='word_1_55' title='bbox 780 2302 888 2368; x_wconf 89' lang='lat' dir='ltr'><strong>talem</strong></span> <span class='ocrx_word' id='word_1_56' title='bbox 903 2300 997 2368; x_wconf 89' lang='lat' dir='ltr'><strong>inter</strong></span> <span class='ocrx_word' id='word_1_57' title='bbox 1011 2300 1292 2388; x_wconf 85' lang='lat' dir='ltr'><strong>Mythographos</strong></span> <span class='ocrx_word' id='word_1_58' title='bbox 1307 2297 1483 2367; x_wconf 88' lang='lat' dir='ltr'><strong>rationem</strong></span> 
     </span>
     <span class='ocr_line' id='line_1_10' title="bbox 306 2394 1484 2497; baseline 0.001 -25"><span class='ocrx_word' id='word_1_59' title='bbox 306 2428 383 2473; x_wconf 88' lang='lat' dir='ltr'><strong>esse</strong></span> <span class='ocrx_word' id='word_1_60' title='bbox 406 2394 637 2492; x_wconf 76' lang='lat' dir='ltr'><strong>significavit:</strong></span> <span class='ocrx_word' id='word_1_61' title='bbox 683 2405 858 2490; x_wconf 85' lang='lat' dir='ltr'><strong>„Priorem</strong></span> <span class='ocrx_word' id='word_1_62' title='bbox 884 2407 944 2475; x_wconf 90' lang='lat' dir='ltr'><strong>hic</strong></span> <span class='ocrx_word' id='word_1_63' title='bbox 965 2408 1027 2497; x_wconf 85' lang='lat' dir='ltr'><strong>(sc.</strong></span> <span class='ocrx_word' id='word_1_64' title='bbox 1052 2409 1162 2494; x_wconf 86' lang='lat' dir='ltr'><strong>Myth.</strong></span> <span class='ocrx_word' id='word_1_65' title='bbox 1187 2409 1240 2496; x_wconf 89' lang='grc' dir='ltr'><strong>ΙΙ)</strong></span> <span class='ocrx_word' id='word_1_66' title='bbox 1268 2407 1345 2474; x_wconf 91' lang='lat' dir='ltr'><strong>sine</strong></span> <span class='ocrx_word' id='word_1_67' title='bbox 1372 2405 1484 2473; x_wconf 90' lang='lat' dir='ltr'><strong>dubio</strong></span> 
     </span>
     <span class='ocr_line' id='line_1_11' title="bbox 306 2510 1481 2602; baseline -0.001 -23"><span class='ocrx_word' id='word_1_68' title='bbox 306 2510 440 2600; x_wconf 87' lang='lat' dir='ltr'><strong>expilat</strong></span> <span class='ocrx_word' id='word_1_69' title='bbox 463 2512 775 2602; x_wconf 86' lang='lat' dir='ltr'><strong>Mythographum,</strong></span> <span class='ocrx_word' id='word_1_70' title='bbox 803 2516 1017 2602; x_wconf 87' lang='lat' dir='ltr'><strong>quandoque</strong></span> <span class='ocrx_word' id='word_1_71' title='bbox 1044 2514 1152 2582; x_wconf 90' lang='lat' dir='ltr'><strong>etiam</strong></span> <span class='ocrx_word' id='word_1_72' title='bbox 1179 2515 1225 2581; x_wconf 89' lang='lat' dir='ltr'><strong>ad</strong></span> <span class='ocrx_word' id='word_1_73' title='bbox 1250 2513 1413 2596; x_wconf 86' lang='lat' dir='ltr'><strong>litteram,</strong></span> <span class='ocrx_word' id='word_1_74' title='bbox 1443 2513 1481 2578; x_wconf 94' lang='lat' dir='ltr'><strong>in</strong></span> 
     </span>
     <span class='ocr_line' id='line_1_12' title="bbox 305 2617 1492 2707; baseline -0.002 -21"><span class='ocrx_word' id='word_1_75' title='bbox 305 2617 482 2707; x_wconf 89' lang='lat' dir='ltr'><strong>plerisque</strong></span> <span class='ocrx_word' id='word_1_76' title='bbox 509 2630 628 2687; x_wconf 90' lang='lat' dir='ltr'><strong>tamen</strong></span> <span class='ocrx_word' id='word_1_77' title='bbox 657 2620 821 2688; x_wconf 88' lang='lat' dir='ltr'><strong>omnibus</strong></span> <span class='ocrx_word' id='word_1_78' title='bbox 854 2623 900 2689; x_wconf 90' lang='lat' dir='ltr'><strong>ab</strong></span> <span class='ocrx_word' id='word_1_79' title='bbox 928 2623 1054 2689; x_wconf 90' lang='lat' dir='ltr'><strong>eodem</strong></span> <span class='ocrx_word' id='word_1_80' title='bbox 1081 2621 1284 2707; x_wconf 83' lang='lat' dir='ltr'><strong>discrepat.“</strong></span> <span class='ocrx_word' id='word_1_81' title='bbox 1334 2618 1492 2688; x_wconf 85' lang='lat' dir='ltr'><strong>Cautius.</strong></span> 
     </span>
     <span class='ocr_line' id='line_1_13' title="bbox 305 2726 1481 2815; baseline -0.003 -21"><span class='ocrx_word' id='word_1_82' title='bbox 305 2749 389 2795; x_wconf 93' lang='lat' dir='ltr'><strong>vero</strong></span> <span class='ocrx_word' id='word_1_83' title='bbox 413 2726 572 2794; x_wconf 90' lang='lat' dir='ltr'><strong>Bodius</strong></span> <span class='ocrx_word' id='word_1_84' title='bbox 594 2726 631 2793; x_wconf 92' lang='lat' dir='ltr'><strong>in</strong></span> <span class='ocrx_word' id='word_1_85' title='bbox 647 2749 799 2815; x_wconf 88' lang='lat' dir='ltr'><strong>prooem.</strong></span> <span class='ocrx_word' id='word_1_86' title='bbox 823 2750 857 2815; x_wconf 91' lang='lat' dir='ltr'><strong>p.</strong></span> <span class='ocrx_word' id='word_1_87' title='bbox 872 2731 979 2799; x_wconf 91' lang='lat' dir='ltr'>XVII</span> <span class='ocrx_word' id='word_1_88' title='bbox 1004 2727 1102 2796; x_wconf 90' lang='lat' dir='ltr'><strong>dicit:</strong></span> <span class='ocrx_word' id='word_1_89' title='bbox 1132 2732 1192 2812; x_wconf 88' lang='lat' dir='ltr'><strong>„In</strong></span> <span class='ocrx_word' id='word_1_90' title='bbox 1217 2729 1338 2795; x_wconf 88' lang='lat' dir='ltr'><strong>oculos</strong></span> <span class='ocrx_word' id='word_1_91' title='bbox 1362 2738 1481 2794; x_wconf 87' lang='lat' dir='ltr'><strong>autem</strong></span> 
     </span>
     <span class='ocr_line' id='line_1_14' title="bbox 305 2833 1483 2923; baseline -0.001 -23"><span class='ocrx_word' id='word_1_92' title='bbox 305 2833 454 2901; x_wconf 83' lang='lat' dir='ltr'><strong>incurrit</strong></span> <span class='ocrx_word' id='word_1_93' title='bbox 475 2845 666 2921; x_wconf 90' lang='lat' dir='ltr'><strong>utrumque</strong></span> <span class='ocrx_word' id='word_1_94' title='bbox 681 2834 984 2923; x_wconf 84' lang='lat' dir='ltr'><strong>Mythographum</strong></span> <span class='ocrx_word' id='word_1_95' title='bbox 1006 2837 1062 2903; x_wconf 92' lang='lat' dir='ltr'><strong>vel</strong></span> <span class='ocrx_word' id='word_1_96' title='bbox 1088 2836 1229 2903; x_wconf 89' lang='lat' dir='ltr'><strong>eosdem</strong></span> <span class='ocrx_word' id='word_1_97' title='bbox 1252 2835 1370 2901; x_wconf 82' lang='lat' dir='ltr'><strong>fontes</strong></span> <span class='ocrx_word' id='word_1_98' title='bbox 1385 2854 1483 2901; x_wconf 89' lang='lat' dir='ltr'><strong>secu-</strong></span> 
     </span>
     <span class='ocr_line' id='line_1_15' title="bbox 306 2939 1486 3010; baseline -0.003 -2"><span class='ocrx_word' id='word_1_99' title='bbox 306 2948 383 3008; x_wconf 87' lang='lat' dir='ltr'><strong>tum</strong></span> <span class='ocrx_word' id='word_1_100' title='bbox 412 2963 489 3007; x_wconf 89' lang='lat' dir='ltr'><strong>esse</strong></span> <span class='ocrx_word' id='word_1_101' title='bbox 516 2943 573 3008; x_wconf 91' lang='lat' dir='ltr'><strong>vel</strong></span> <span class='ocrx_word' id='word_1_102' title='bbox 602 2963 667 3007; x_wconf 87' lang='lat' dir='ltr'><strong>sua</strong></span> <span class='ocrx_word' id='word_1_103' title='bbox 694 2940 873 3008; x_wconf 87' lang='lat' dir='ltr'><strong>derivasse</strong></span> <span class='ocrx_word' id='word_1_104' title='bbox 897 2944 1047 3009; x_wconf 88' lang='lat' dir='ltr'><strong>alterum</strong></span> <span class='ocrx_word' id='word_1_105' title='bbox 1071 2966 1115 3010; x_wconf 88' lang='lat' dir='ltr'><strong>ex</strong></span> <span class='ocrx_word' id='word_1_106' title='bbox 1143 2944 1281 3010; x_wconf 87' lang='lat' dir='ltr'><strong>altero.“</strong></span> <span class='ocrx_word' id='word_1_107' title='bbox 1343 2939 1486 3007; x_wconf 91' lang='lat' dir='ltr'><strong>Deinde</strong></span> 
     </span>
     <span class='ocr_line' id='line_1_16' title="bbox 306 3046 1480 3138; baseline -0.001 -25"><span class='ocrx_word' id='word_1_108' title='bbox 306 3047 481 3114; x_wconf 89' lang='lat' dir='ltr'><strong>Zinkius</strong></span> <span class='ocrx_word' id='word_1_109' title='bbox 497 3050 581 3129; x_wconf 86' lang='lat' dir='ltr'><strong>(Der</strong></span> <span class='ocrx_word' id='word_1_110' title='bbox 597 3046 786 3134; x_wconf 83' lang='lat' dir='ltr'><strong>Mytholog</strong></span> <span class='ocrx_word' id='word_1_111' title='bbox 801 3046 1015 3136; x_wconf 86' lang='lat' dir='ltr'><strong>Fulgentius</strong></span> <span class='ocrx_word' id='word_1_112' title='bbox 1030 3073 1062 3138; x_wconf 89' lang='lat' dir='ltr'><strong>p.</strong></span> <span class='ocrx_word' id='word_1_113' title='bbox 1079 3053 1130 3134; x_wconf 90' lang='grc'><strong>13)</strong></span> <span class='ocrx_word' id='word_1_114' title='bbox 1146 3048 1480 3137; x_wconf 86' lang='lat' dir='ltr'><strong>MythographumI</strong></span> 
     </span>
     <span class='ocr_line' id='line_1_17' title="bbox 305 3152 1492 3251; baseline -0.001 -32"><span class='ocrx_word' id='word_1_115' title='bbox 305 3152 480 3243; x_wconf 89' lang='lat' dir='ltr'><strong>prioribus</strong></span> <span class='ocrx_word' id='word_1_116' title='bbox 504 3152 720 3251; x_wconf 82' lang='lat' dir='ltr'><strong>temporibus</strong></span> <span class='ocrx_word' id='word_1_117' title='bbox 736 3152 965 3222; x_wconf 91' lang='lat' dir='ltr'><strong>tribuendum</strong></span> <span class='ocrx_word' id='word_1_118' title='bbox 988 3179 1065 3224; x_wconf 91' lang='lat' dir='ltr'><strong>esse</strong></span> <span class='ocrx_word' id='word_1_119' title='bbox 1088 3179 1194 3244; x_wconf 89' lang='lat' dir='ltr'><strong>quam</strong></span> <span class='ocrx_word' id='word_1_120' title='bbox 1212 3156 1406 3224; x_wconf 89' lang='lat' dir='ltr'><strong>secundum</strong></span> <span class='ocrx_word' id='word_1_121' title='bbox 1429 3152 1492 3219; x_wconf 66' lang='lat' dir='ltr'><strong>iu-</strong></span> 
     </span>
     <span class='ocr_line' id='line_1_18' title="bbox 305 3254 1482 3351; baseline 0 -24"><span class='ocrx_word' id='word_1_122' title='bbox 305 3259 409 3344; x_wconf 74' lang='lat' dir='ltr'><strong>dicat,</strong></span> <span class='ocrx_word' id='word_1_123' title='bbox 443 3257 526 3348; x_wconf 89' lang='lat' dir='ltr'><strong>quia</strong></span> <span class='ocrx_word' id='word_1_124' title='bbox 554 3258 613 3328; x_wconf 90' lang='lat' dir='ltr'><strong>hic</strong></span> <span class='ocrx_word' id='word_1_125' title='bbox 644 3254 693 3327; x_wconf 69' lang='lat' dir='ltr'><strong>eri</strong></span> <span class='ocrx_word' id='word_1_126' title='bbox 720 3257 781 3327; x_wconf 94' lang='lat' dir='ltr'><strong>illo</strong></span> <span class='ocrx_word' id='word_1_127' title='bbox 812 3262 926 3330; x_wconf 82' lang='lat' dir='ltr'><strong>multa</strong></span> <span class='ocrx_word' id='word_1_128' title='bbox 961 3263 1226 3351; x_wconf 76' lang='lat' dir='ltr'><strong>deprompserit</strong></span> <span class='ocrx_word' id='word_1_129' title='bbox 1293 3261 1482 3328; x_wconf 75' lang='lat' dir='ltr'><strong>Teuffel-</strong></span> 
     </span>
     <span class='ocr_line' id='line_1_19' title="bbox 305 3366 1482 3457; baseline -0.004 -18"><span class='ocrx_word' id='word_1_130' title='bbox 305 3366 505 3439; x_wconf 84' lang='lat' dir='ltr'><strong>Schwabe</strong></span> <span class='ocrx_word' id='word_1_131' title='bbox 531 3368 590 3457; x_wconf 88' lang='lat' dir='ltr'><strong>(R.</strong></span> <span class='ocrx_word' id='word_1_132' title='bbox 615 3372 655 3443; x_wconf 86' lang='lat' dir='ltr'><strong>L.</strong></span> <span class='ocrx_word' id='word_1_133' title='bbox 679 3368 721 3436; x_wconf 87' lang='lat' dir='ltr'><strong>G.</strong></span> <span class='ocrx_word' id='word_1_134' title='bbox 746 3372 807 3434; x_wconf 86' lang='lat'><strong>15</strong></span> <span class='ocrx_word' id='word_1_135' title='bbox 835 3392 868 3457; x_wconf 90' lang='lat' dir='ltr'><strong>p.</strong></span> <span class='ocrx_word' id='word_1_136' title='bbox 893 3373 960 3449; x_wconf 83' lang='lat'><strong>73):</strong></span> <span class='ocrx_word' id='word_1_137' title='bbox 992 3374 1084 3454; x_wconf 91' lang='lat' dir='ltr'><strong>„Der</strong></span> <span class='ocrx_word' id='word_1_138' title='bbox 1117 3371 1228 3456; x_wconf 88' lang='lat' dir='ltr'><strong>Myth.</strong></span> <span class='ocrx_word' id='word_1_139' title='bbox 1253 3374 1288 3437; x_wconf 95' lang='grc' dir='ltr'><strong>ΙΙ</strong></span> <span class='ocrx_word' id='word_1_140' title='bbox 1317 3369 1482 3436; x_wconf 90' lang='lat' dir='ltr'><strong>entlehnt</strong></span> 
     </span>
     <span class='ocr_line' id='line_1_20' title="bbox 306 3474 1483 3565; baseline -0.003 -20"><span class='ocrx_word' id='word_1_141' title='bbox 306 3499 370 3546; x_wconf 90' lang='lat' dir='ltr'><strong>aus</strong></span> <span class='ocrx_word' id='word_1_142' title='bbox 397 3479 479 3545; x_wconf 90' lang='lat' dir='ltr'><strong>dem</strong></span> <span class='ocrx_word' id='word_1_143' title='bbox 514 3487 629 3544; x_wconf 89' lang='lat' dir='ltr'><strong>ersten</strong></span> <span class='ocrx_word' id='word_1_144' title='bbox 662 3474 771 3543; x_wconf 88' lang='lat' dir='ltr'><strong>vieles</strong></span> <span class='ocrx_word' id='word_1_145' title='bbox 804 3475 993 3544; x_wconf 71' lang='lat' dir='ltr'><strong>wortlich.“</strong></span> <span class='ocrx_word' id='word_1_146' title='bbox 1050 3476 1213 3565; x_wconf 89' lang='lat' dir='ltr'><strong>Denique</strong></span> <span class='ocrx_word' id='word_1_147' title='bbox 1250 3478 1314 3544; x_wconf 89' lang='lat' dir='ltr'><strong>Ph.</strong></span> <span class='ocrx_word' id='word_1_148' title='bbox 1350 3474 1483 3542; x_wconf 88' lang='lat' dir='ltr'><strong>Kohl-</strong></span> 
     </span>
     <span class='ocr_line' id='line_1_21' title="bbox 305 3582 1481 3671; baseline -0.007 -16"><span class='ocrx_word' id='word_1_149' title='bbox 305 3588 474 3668; x_wconf 87' lang='lat' dir='ltr'><strong>mann¹):</strong></span> <span class='ocrx_word' id='word_1_150' title='bbox 521 3582 720 3671; x_wconf 88' lang='lat' dir='ltr'><strong>„Zwischen</strong></span> <span class='ocrx_word' id='word_1_151' title='bbox 749 3584 831 3652; x_wconf 91' lang='lat' dir='ltr'><strong>dem</strong></span> <span class='ocrx_word' id='word_1_152' title='bbox 859 3585 972 3670; x_wconf 85' lang='lat' dir='ltr'><strong>Myth.</strong></span> <span class='ocrx_word' id='word_1_153' title='bbox 996 3588 1032 3651; x_wconf 93' lang='lat' dir='ltr'><strong>II</strong></span> <span class='ocrx_word' id='word_1_154' title='bbox 1063 3586 1137 3652; x_wconf 91' lang='lat' dir='ltr'><strong>und</strong></span> <span class='ocrx_word' id='word_1_155' title='bbox 1167 3586 1248 3651; x_wconf 90' lang='lat' dir='ltr'><strong>dem</strong></span> <span class='ocrx_word' id='word_1_156' title='bbox 1276 3583 1389 3650; x_wconf 84' lang='lat' dir='ltr'><strong>Texte</strong></span> <span class='ocrx_word' id='word_1_157' title='bbox 1416 3582 1481 3650; x_wconf 88' lang='lat' dir='ltr'><strong>des</strong></span> 
     </span>
     <span class='ocr_line' id='line_1_22' title="bbox 306 3678 1489 3779; baseline -0.006 -16"><span class='ocrx_word' id='word_1_158' title='bbox 306 3691 658 3764; x_wconf 84' lang='lat' dir='ltr'><strong>Statiusscholiasten</strong></span> <span class='ocrx_word' id='word_1_159' title='bbox 693 3690 742 3760; x_wconf 90' lang='lat' dir='ltr'><strong>ist</strong></span> <span class='ocrx_word' id='word_1_160' title='bbox 779 3689 859 3759; x_wconf 91' lang='lat' dir='ltr'><strong>eine</strong></span> <span class='ocrx_word' id='word_1_161' title='bbox 890 3714 928 3758; x_wconf 90' lang='lat' dir='ltr'><strong>so</strong></span> <span class='ocrx_word' id='word_1_162' title='bbox 961 3714 1084 3779; x_wconf 87' lang='lat' dir='ltr'><strong>grosse</strong></span> <span class='ocrx_word' id='word_1_163' title='bbox 1115 3678 1364 3774; x_wconf 72' lang='lat' dir='ltr'><strong>lhnlichkeit,</strong></span> <span class='ocrx_word' id='word_1_164' title='bbox 1397 3689 1489 3756; x_wconf 88' lang='lat' dir='ltr'><strong>dass.</strong></span> 
     </span>
     <span class='ocr_line' id='line_1_23' title="bbox 307 3795 1480 3868; baseline -0.003 -1"><span class='ocrx_word' id='word_1_165' title='bbox 307 3802 347 3867; x_wconf 81' lang='lat' dir='ltr'><strong>A.</strong></span> <span class='ocrx_word' id='word_1_166' title='bbox 364 3798 436 3868; x_wconf 84' lang='lat' dir='ltr'><strong>Mai</strong></span> <span class='ocrx_word' id='word_1_167' title='bbox 459 3801 516 3867; x_wconf 76' lang='lat' dir='ltr'><strong>lirr</strong></span> <span class='ocrx_word' id='word_1_168' title='bbox 530 3798 633 3867; x_wconf 90' lang='lat' dir='ltr'><strong>beide</strong></span> <span class='ocrx_word' id='word_1_169' title='bbox 656 3796 758 3867; x_wconf 87' lang='lat' dir='ltr'><strong>einen</strong></span> <span class='ocrx_word' id='word_1_170' title='bbox 783 3800 858 3866; x_wconf 92' lang='lat' dir='ltr'><strong>und</strong></span> <span class='ocrx_word' id='word_1_171' title='bbox 874 3800 1065 3867; x_wconf 88' lang='lat' dir='ltr'><strong>denselben</strong></span> <span class='ocrx_word' id='word_1_172' title='bbox 1082 3804 1196 3867; x_wconf 86' lang='lat' dir='ltr'><strong>Autor</strong></span> <span class='ocrx_word' id='word_1_173' title='bbox 1219 3797 1386 3867; x_wconf 85' lang='lat' dir='ltr'><strong>annahm.</strong></span> <span class='ocrx_word' id='word_1_174' title='bbox 1419 3795 1480 3864; x_wconf 92' lang='lat' dir='ltr'><strong>Bei</strong></span> 
     </span>
     <span class='ocr_line' id='line_1_24' title="bbox 306 3903 1481 3994; baseline -0.004 -21"><span class='ocrx_word' id='word_1_175' title='bbox 306 3908 375 3973; x_wconf 93' lang='lat' dir='ltr'><strong>den</strong></span> <span class='ocrx_word' id='word_1_176' title='bbox 404 3928 475 3974; x_wconf 91' lang='lat' dir='ltr'><strong>von</strong></span> <span class='ocrx_word' id='word_1_177' title='bbox 497 3903 566 3973; x_wconf 92' lang='lat' dir='ltr'><strong>mir</strong></span> <span class='ocrx_word' id='word_1_178' title='bbox 594 3905 832 3994; x_wconf 84' lang='lat' dir='ltr'><strong>mitgeteilten</strong></span> <span class='ocrx_word' id='word_1_179' title='bbox 857 3905 1022 3974; x_wconf 88' lang='lat' dir='ltr'><strong>Scholien</strong></span> <span class='ocrx_word' id='word_1_180' title='bbox 1052 3913 1112 3991; x_wconf 86' lang='lat' dir='ltr'><strong>(sc.</strong></span> <span class='ocrx_word' id='word_1_181' title='bbox 1136 3907 1210 3973; x_wconf 91' lang='lat' dir='ltr'><strong>cod.</strong></span> <span class='ocrx_word' id='word_1_182' title='bbox 1235 3903 1341 3972; x_wconf 87' lang='lat' dir='ltr'><strong>Paris.</strong></span> <span class='ocrx_word' id='word_1_183' title='bbox 1367 3908 1481 3970; x_wconf 84' lang='lat'>10317</span> 
     </span>
    </p>
   </div>
   <div class='ocr_carea' id='block_1_5' title="bbox 309 4125 1493 4296">
    <p class='ocr_par' dir='ltr' id='par_1_5' title="bbox 309 4125 1493 4296">
     <span class='ocr_line' id='line_1_25' title="bbox 309 4125 1493 4281; baseline -0.009 -88"><span class='ocrx_word' id='word_1_184' title='bbox 309 4220 394 4281; x_wconf 65' lang='lat'>¹872</span> <span class='ocrx_word' id='word_1_185' title='bbox 417 4126 441 4208; x_wconf 90' lang='lat'><strong>¹)</strong></span> <span class='ocrx_word' id='word_1_186' title='bbox 461 4128 548 4278; x_wconf 56' lang='grc' dir='ltr'><strong>Ιξειιο</strong></span> <span class='ocrx_word' id='word_1_187' title='bbox 564 4129 704 4189; x_wconf 77' lang='lat' dir='ltr'><strong>Scholion</strong></span> <span class='ocrx_word' id='word_1_188' title='bbox 720 4148 772 4188; x_wconf 81' lang='lat' dir='ltr'><strong>zur</strong></span> <span class='ocrx_word' id='word_1_189' title='bbox 785 4129 894 4198; x_wconf 67' lang='lat' dir='ltr'><strong>Theb„</strong></span> <span class='ocrx_word' id='word_1_190' title='bbox 912 4131 1010 4206; x_wconf 80' lang='lat' dir='ltr'><strong>Progr.</strong></span> <span class='ocrx_word' id='word_1_191' title='bbox 1025 4130 1244 4191; x_wconf 62' lang='lat' dir='ltr'><strong>Fusae-wilh.</strong></span> <span class='ocrx_word' id='word_1_192' title='bbox 1260 4125 1367 4204; x_wconf 86' lang='lat' dir='ltr'><strong>Gymn.</strong></span> <span class='ocrx_word' id='word_1_193' title='bbox 1383 4128 1493 4184; x_wconf 78' lang='lat' dir='ltr'><strong>Posen</strong></span> 
     </span>
     <span class='ocr_line' id='line_1_26' title="bbox 417 4239 501 4296; baseline -0.024 -13"><span class='ocrx_word' id='word_1_194' title='bbox 417 4239 447 4296; x_wconf 88' lang='lat' dir='ltr'><strong>p.</strong></span> <span class='ocrx_word' id='word_1_195' title='bbox 493 4261 501 4281; x_wconf 83' lang='grc'><strong>.</strong></span> 
     </span>
    </p>
   </div>
   <div class='ocr_carea' id='block_1_6' title="bbox 0 0 1692 4867">
    <p class='ocr_par' dir='ltr' id='par_1_6' title="bbox 0 0 1692 4867">
     <span class='ocr_line' id='line_1_27' title="bbox 0 0 1692 4867; baseline 0 0"><span class='ocrx_word' id='word_1_196' title='bbox 0 0 1692 4867; x_wconf 95' lang='lat' dir='ltr'><strong> </strong></span> 
     </span>
    </p>
   </div>
  </div>
 </body>
</html>
