3367 4867
774 260 1016 321 -114—

465 475 532 538 lab.
552 471 616 538 139
640 472 680 535 ci.
705 470 810 535 schol.
837 472 911 534 luv.
930 472 979 537 Vl
1006 473 1078 535 638.

412 621 442 661 v.
460 600 501 661 39
532 593 693 662 Pontiam
722 592 815 660 lilios
846 617 928 660 suos
958 593 1160 660 vendidisse
1191 616 1366 680 nusquam
1396 594 1483 660 alibi

305 690 473 772 traditum
489 713 554 783 est3
579 701 655 768 sine
672 700 779 767 dubio
795 724 858 788 pro
882 702 1038 766 vendidit
1058 702 1250 787 legendum
1275 711 1329 768 est
1352 724 1482 768 verrem>

298 811 464 897 perdidit,
482 832 564 876 nam
581 808 631 877 ita
654 807 828 875 scholion:
855 807 980 874 Pontia
998 806 1099 873 Publi
1117 806 1257 875 Petroni
1274 807 1358 891 iilia,
1375 828 1483 894 quem

305 921 400 982 Nero
429 915 632 983 convictum
661 914 697 981 in
727 914 872 981 crimine
908 914 1161 982 coniurationis
1196 913 1389 997 damnavit,
1425 916 1484 980 de-

304 1026 426 1090 functo
457 1024 584 1090 marito
611 1022 704 1088 filios
732 1046 816 1089 suos
845 1045 983 1089 veneno
1014 1045 1158 1089 necasse
1193 1023 1364 1104 convicta
1400 1044 1482 1088 cum

304 1130 413 1217 largis
437 1153 474 1198 se
498 1130 611 1217 epulis
635 1142 814 1247 onerasset
838 1141 873 1196 et
897 1129 981 1196 vino
998 1130 1097 1197 venis
1114 1129 1233 1195 incisis
1251 1131 1393 1211 saltans,
1410 1150 1482 1215 quo

305 1239 459 1303 maxime
484 1237 602 1304 studio
626 1238 876 1317 oblectabatur,
902 1237 1058 1303 extincta
1082 1247 1159 1317 est„

705 1576 736 1630 F.
762 1576 806 1630 De
825 1577 950 1647 reliquls
968 1577 1088 1632 tubulis.

412 1722 589 1803 Quattuor
612 1730 747 1786 restant
770 1720 918 1800 fabulae,
944 1741 1031 1804 quas
1055 1719 1099 1783 ad
1117 1730 1250 1785 certum
1272 1721 1406 1785 iontem
1431 1741 1483 1784 re-

304 1850 429 1894 vocare
452 1825 540 1891 mihi
567 1848 640 1892 non
671 1825 835 1911 contigit3
865 1826 1011 1892 fortasse
1036 1848 1055 1890 e
1078 1825 1167 1891 libro
1196 1826 1313 1912 aliquo
1342 1828 1482 1911 mytho

306 1935 441 2022 grapho
469 1933 658 2014 fluxerunt,
688 1956 757 2020 quo
786 1932 892 1999 etiam
917 1932 1134 2014 scholiastae,
1167 1933 1388 2019 Fulgentius,
1419 1933 1481 1998 lsi-

305 2043 419 2124 dotus‚
445 2040 614 2126 Hyginus
639 2039 675 2104 in
700 2040 828 2105 fabulis
853 2038 926 2104 suis
950 2038 1154 2104 enarrandis
1178 2039 1232 2105 usi
1258 2051 1348 2106 sunt,

464 2277 531 2338 lab.
551 2273 615 2340 164
639 2274 692 2352 (de
708 2273 861 2353 Antaeo)
886 2296 905 2336 a
930 2271 1108 2337 veteribus
1133 2271 1346 2338 carminibus
1371 2272 1480 2359 epicis

305 2378 419 2445 aliena
443 2391 478 2445 ct
502 2402 522 2444 a
547 2377 643 2444 Pind.
670 2379 791 2444 lsthnr.
810 2380 864 2442 Ill
890 2382 966 2466 (IV)
992 2384 1041 2443 70.
1073 2381 1157 2445 Plat.
1182 2378 1327 2447 Theaet.
1356 2384 1416 2446 169
1442 2383 1478 2445 Β.

303 2486 465 2574 Apollod.
496 2489 530 2550 Il
569 2491 638 2551 115.
675 2485 776 2551 Diod.
808 2489 860 2553 IV
892 2491 983 2569 17‚4
1030 2485 1159 2553 tradita
1188 2510 1207 2553 e
1235 2486 1324 2553 libro
1360 2486 1479 2576 aliquo

303 2594 566 2681 mythogtaplro
595 2616 665 2659 non
696 2592 767 2659 iam
796 2593 984 2681 superstite
1012 2592 1182 2680 prodiisse
1213 2593 1361 2678 videtur,
1397 2617 1477 2661 cum

303 2699 456 2786 vestigia
473 2699 701 2768 inveniantur
717 2703 811 2788 apud
828 2704 924 2786 Hyg.
942 2702 1008 2767 lab.
1027 2706 1076 2766 31.
1094 2703 1201 2768 schol.
1219 2700 1387 2770 Theb.Vl
1402 2707 1478 2768 869.

304 2807 405 2894 Fulg.
431 2810 465 2870 ll
491 2814 519 2888 4,
549 2808 608 2893 qui
632 2808 817 2893 mysticam
844 2819 982 2873 tantum
1012 2807 1295 2893 explanationem
1324 2811 1478 2896 praebet,

302 2914 456 2978 maxime
480 2912 515 2976 in
541 2914 649 2979 schol.
675 2918 758 2985 Luc.
785 2918 820 2978 ll
850 2920 918 2980 164.

463 3128 530 3191 lab.
550 3126 613 3193 190
642 3148 684 3190 ex
714 3127 836 3191 eodem
866 3129 963 3193 tonte
992 3130 1086 3193 unde
1116 3132 1226 3214 Myth.
1256 3133 1273 3195 I
1306 3135 1366 3197 196
1400 3154 1479 3217 pro-

302 3235 394 3300 lecta
427 3244 487 3299 est.
551 3233 705 3297 Nomina
742 3244 925 3298 auctorum
964 3234 1093 3302 similia
1139 3237 1357 3305 narrantium
1399 3238 1476 3307 Ric.

302 3341 430 3408 Schulz
456 3341 545 3407 Diss.
571 3365 604 3427 p.
631 3346 670 3405 73
697 3341 883 3426 congessit.

462 3577 531 3643 lab.
544 3576 619 3639 225.
644 3573 779 3641 Eadem
796 3575 839 3640 de
856 3573 980 3660 Apicio
996 3588 1141 3642 narrant
1157 3578 1291 3644 Seneca
1308 3579 1352 3643 ad
1370 3578 1476 3645 Helv.

300 3693 402 3749 matr.
428 3683 471 3748 de
495 3702 589 3746 cons.
613 3684 648 3745 X
673 3686 700 3746 9.
728 3681 862 3748 Plinius
886 3706 920 3749 n.
946 3684 980 3747 lr.
1005 3687 1039 3749 X
1067 3688 1135 3749 133.
1161 3685 1257 3751 Cass.
1280 3683 1348 3751 Dio
1372 3687 1475 3756 LVII

306 3792 353 3869 19,
379 3792 406 3851 5.
432 3789 539 3854 schol.
566 3791 642 3853 luv.
660 3791 711 3856 IV
737 3794 793 3854 23:
833 3788 979 3877 Apicius
1003 3803 1125 3859 auctor
1148 3792 1474 3880 praecipiendarum

303 3917 477 3978 cenarum,
506 3895 565 3981 qui
593 3895 733 3984 scripsit
762 3899 805 3962 de
833 3897 995 3966 inscellis.
1050 3898 1133 3966 Fuit
1161 3922 1244 3965 nam
1273 3902 1476 3988 exemplum

302 4004 418 4090 gulae.
466 4004 550 4070 Isid.
575 4006 634 4072 Or.
658 4008 728 4071 XX
756 4011 781 4088 l,
810 4012 839 4071 1:
888 4006 1067 4093 Coquinae
1096 4019 1304 4098 apparatum
1329 4005 1476 4092 Apicius

301 4109 445 4197 quidam
460 4112 594 4199 primus
612 4111 817 4199 composuit,
842 4113 902 4200 qui
919 4113 954 4179 in
973 4137 1014 4180 eo
1031 4115 1228 4202 absumptis
1244 4114 1347 4181 bonis
1362 4125 1477 4181 morte

301 4220 500 4288 voluntaria
524 4219 634 4306 periit.
