3367 4867
787 266 1009 328 „10-

325 473 498 540 bellantes
525 470 758 561 interpretum
791 496 865 541 ora-

325 578 423 646 tione
435 580 615 647 sedantur:
632 581 728 647 unde
743 602 865 647 secun-

326 687 412 752 dum
444 685 589 759 Livium
623 686 732 772 legati
767 687 865 774 pacis

327 793 574 861 caduceatores
586 793 760 861 dicunter:
773 793 866 860 sicut

326 899 422 966 enim
444 923 507 989 per
528 899 666 968 fetiales
688 924 710 966 α
722 901 866 987 foedere

325 1007 418 1074 bella
441 1006 697 1092 indicebantur,
720 1007 771 1075 ita
794 1030 866 1095 pax

325 1135 388 1201 per
446 1116 693 1183 caduceatores
747 1113 864 1180 tiebat.

331 1223 464 1306 Quibus
492 1223 648 1288 cadurcis
681 1224 747 1288 duo
774 1222 867 1286 neele

328 1330 510 1394 adduntur
522 1351 633 1395 unum
648 1329 743 1394 Solis
765 1328 871 1393 aliud

325 1437 456 1503 Lunae.
503 1438 598 1502 Sane
626 1437 667 1502 αά
694 1436 777 1522 ipsis
799 1457 866 1501 scr·

942 475 1115 542 bellantes
1145 474 1377 564 interpretum
1408 498 1485 543 ora·

943 580 1040 647 tione
1063 583 1246 651 sedantur:
1269 585 1365 650 unde

1251 689 1361 777 legati
1384 690 1486 779 pacis

943 795 1190 862 caduceatores
1199 796 1377 866 dicuntur:
1390 798 1484 866 sicut

943 900 1039 967 enim
1062 924 1124 989 per
1146 902 1288 970 feciales

942 1009 1035 1075 bella
1058 1007 1314 1095 indicebantur,
1337 1010 1388 1079 ita
1411 1033 1483 1101 pax

943 1137 1006 1203 per
1060 1117 1307 1184 caduceatores
1363 1117 1484 1187 fiebat

320 1542 484 1628 pentibus
534 1542 615 1607 hacc
659 1542 771 1628 oprnr‘o
818 1549 870 1607 est
970 1619 972 1622 ¹

327 1651 352 1734 7²
374 1649 574 1714 Mercurius
596 1650 678 1714 hacc
700 1654 769 1714 tum
788 1651 867 1728 feru

324 1756 492 1821 animalia
544 1756 758 1830 concordent,
805 1779 867 1821 nos

326 1885 457 1950 quoquc
495 1863 696 1929 concordare
742 1863 865 1929 debere.

324 1959 442 2061 Ἐρμῆς
458 1980 577 2037 autem
594 1992 719 2056 graece
738 1968 867 2036 dicitur

326 2069 400 2146 circd
428 2083 489 2166 τῆς
517 2075 700 2168 ἑρμηνείας,
737 2073 866 2147 Latine

327 2183 507 2271 interpres.
553 2185 649 2248 Sanc
683 2184 866 2249 caduceum

320 2296 438 2377 postea
463 2338 470 2354 .
496 2341 502 2354 .
529 2344 536 2357 .

397 2502 493 2571 Serv.
516 2503 577 2569 Ae.
601 2506 672 2571 VII
698 2507 770 2570 790.

943 1957 1064 2056 Ἑρμῆς
1076 1978 1196 2035 autem
1209 1990 1334 2055 graece
1346 1967 1486 2055 dicitur,

1354 2073 1485 2147 Latine

943 2179 1123 2271 interpres

1032 2504 1142 2588 Myth.
1168 2506 1204 2568 II
1229 2508 1280 2586 89,
1303 2529 1371 2572 2·1o.

303 2631 404 2694 Haec
421 2627 546 2695 Inachi
562 2626 638 2696 filia
648 2628 866 2715 Argivorum
922 2632 962 2695 Io
986 2626 1120 2712 Inachi,
1143 2627 1359 2714 Argivorum
1379 2627 1486 2715 regis,

323 2735 482 2802 fluminis
497 2734 573 2802 luit.
610 2739 715 2803 Hanc
731 2734 867 2803 amavit

325 2841 491 2931 Iuppiter.
527 2853 563 2909 et
595 2842 681 2908 dum
708 2865 788 2909 cum
823 2867 865 2911 ea

325 2960 426 3033 esset,
447 2952 538 3015 Iuno
555 2949 767 3036 supervenit
806 2950 865 3017 Ti·

324 3078 425 3123 mens
469 3054 538 3139 ille,
585 3077 631 3121 ne
673 3057 865 3144 deprehen-

326 3164 474 3246 deretur,
502 3165 626 3229 Ionem
648 3163 804 3231 mutavit
825 3164 863 3232 iu

307 3255 470 3339 'vaccam
515 3280 551 3337 et
588 3292 667 3337 eam
704 3272 864 3358 poscenti

325 3377 423 3446 dedit
450 3376 594 3460 Iunoni,
622 3400 668 3443 ne
694 3377 864 3465 paelicem

326 3485 568 3569 confiteretur,
598 3483 653 3552 cui
680 3485 771 3551 Iuno
801 3486 865 3551 Ar-

326 3615 422 3679 gum,
469 3595 649 3661 oculatum
699 3590 865 3659 omnibus

324 3699 501 3783 membris,
558 3698 733 3767 Arestoris
793 3700 865 3766 sive

330 3807 453 3871 Terrae
472 3804 596 3889 lilium,
621 3829 720 3894 quem
741 3807 867 3874 Graeci

319 3916 495 3998 pcnoptcn
534 3914 715 4000 appellant
751 3925 865 3982 custo

309 4011 406 4085 ¹dem
430 4019 603 4107 adposuit
643 4022 760 4106 Quem
783 4042 865 4088 cum

325 4123 485 4215 Iuppiter
539 4147 602 4215 per
651 4127 865 4196 Mercurium

325 4235 390 4323 qui
438 4257 515 4302 cum
570 4241 675 4302 centu
715 4236 866 4321 fistulae

942 2735 1018 2803 lilia
1041 2735 1117 2803 fuit
1165 2737 1254 2803 Cum
1278 2758 1348 2822 qua
1365 2746 1484 2804 amata

943 2845 1030 2910 Iove
1057 2854 1219 2912 morante

1032 2953 1123 3016 Iuno
1160 2951 1373 3040 supervenit
1425 2949 1487 3017 Ti·
1532 2975 1536 2979 “

941 3078 1042 3123 mens
1087 3057 1155 3139 ille,
1202 3081 1249 3124 ne
1293 3058 1485 3147 deprehen·

943 3165 1092 3249 deretur,
1120 3172 1245 3234 Ionem
1272 3165 1309 3230 in
1339 3185 1485 3232 vaccam

941 3270 1097 3338 mutavit
1133 3283 1169 3340 et
1207 3292 1285 3337 eam
1323 3268 1483 3356 poscenti

943 3376 1082 3462 Iunoni,
1117 3400 1163 3444 ne
1191 3376 1353 3465 pellicem
1376 3375 1488 3442 conli-

943 3494 1083 3570 teretur,
1122 3483 1228 3551 dedit
1287 3481 1352 3549 Cui
1391 3485 1483 3549 Iuno

942 3593 1094 3678 Argum,
1137 3587 1321 3657 Aristoclis
1359 3588 1485 3675 filiurn,
1531 3581 1537 3596 ⁸

943 3697 1109 3765 omnibus
1120 3694 1287 3764 membris
1303 3697 1484 3765 oculatum

1370 3922 1484 3980 custo-

943 4021 1024 4087 dem
1047 4019 1220 4110 apposuit
1263 4021 1379 4105 Quem
1402 4037 1484 4084 cum

942 4126 1102 4217 Iuppiter
1131 4148 1194 4216 per
1222 4123 1434 4195 Mercurium
1467 4183 1469 4185 ,
