3367 4867
756 277 975 339 -104-

430 493 497 558 148.
515 489 847 566 ot,10-10=Narr.
869 488 938 554 131).
961 487 1015 553 111
1041 490 1061 551 2
1084 508 1118 575 p.
1136 490 1210 552 804.

378 639 411 682 v.
431 616 554 682 10-11
580 615 622 680 cl.
638 614 745 680 schol.
761 616 863 680 Bern.
881 613 945 679 Ge.
961 613 1013 679 IV
1029 615 1101 677 283.
1131 609 1203 677 sch.
1221 608 1289 676 Th.
1305 608 1450 677 111589.

274 724 372 808 Hyg.
396 721 465 789 131).
491 727 541 787 14.

381 855 414 895 v.
433 834 471 896 13
496 831 598 896 Narr.
623 841 658 895 et
681 831 714 895 V
737 827 865 893 melius
889 850 932 893 ux
955 828 1096 892 assidua
1119 828 1305 892 vertunum.

433 993 499 1059 lab.
516 992 560 1056 83
584 1011 628 1055 ex
647 989 772 1055 eodem
787 990 885 1055 fonte
901 987 1015 1069 fluxit,
1038 988 1133 1053 unde
1149 989 1250 1055 Nurr.
1266 987 1335 1055 fab.
1354 990 1410 1053 111
1429 991 1449 1050 7

274 1121 306 1185 p.
333 1101 407 1163 808.
452 1094 591 1164 Similia
625 1095 719 1182 apud
754 1096 854 1163 Serv.
890 1097 981 1161 Dan.
1016 1097 1077 1160 Ae.
1099 1096 1151 1162 IV
1178 1097 1243 1160 469
1272 1103 1307 1160 et
1338 1093 1448 1161 schol.

276 1208 361 1275 Luc.
378 1207 393 1267 I
410 1207 485 1285 574,
508 1203 568 1289 qui
592 1200 709 1270 verbis
732 1201 790 1267 hic
813 1200 885 1266 illic
908 1223 990 1267 cum
1013 1201 1125 1287 Myth.
1148 1199 1336 1289 conspirat.

433 1363 1060 1441 131).101,31-)ι.-;Ν3ῐῐ.1311119
1097 1385 1129 1450 p.
1157 1366 1232 1428 822.
1275 1362 1332 1430 Ad
1356 1362 1450 1430 hanc

274 1472 431 1539 fabulam
448 1472 492 1536 R.
509 1469 701 1537 Foerster
724 1471 745 1535 1.
768 1471 790 1535 1.
812 1492 846 1556 p.
861 1472 941 1536 291:
966 1467 1052 1553 „Die
1067 1467 1359 1556 Sirenenepisode
1385 1474 1444 1535 101

276 1578 363 1661 geht
384 1575 512 1645 wieder
527 1578 589 1643 uui
603 1575 757 1643 dieselbe
774 1576 900 1660 Quelle
915 1575 982 1643 wie
997 1579 1098 1644 Narr.
1113 1577 1182 1643 131).
1198 1578 1230 1646 V
1246 1581 1266 1642 9
1290 1577 1451 1643 zuriclr.“

382 1709 414 1756 v,
431 1687 469 1749 31
495 1684 545 1749 ad
559 1688 696 1770 petram
718 1684 851 1749 Martz's
877 1705 948 1750 non
978 1695 1083 1767 recte3
1118 1681 1168 1751 ita
1195 1694 1295 1772 petra
1322 1695 1451 1751 vocata

276 1803 329 1858 est
364 1790 516 1877 „iniolge
550 1789 645 1857 einer
679 1790 1056 1877 Gedankenlosigkeit,
1089 1788 1156 1858 mit
1190 1790 1340 1858 welcher
1374 1789 1450 1859 ihre

275 1900 334 1985 (sc.
358 1901 458 1964 Narr.
481 1899 550 1964 131).
567 1900 598 1966 V
615 1902 643 1964 9.
674 1899 819 1983 Myth.1
844 1908 880 1965 et
904 1898 953 1984 ΙΙ)
983 1898 1108 1982 Quelle
1131 1896 1188 1966 die
1211 1897 1359 1966 Sirenen
1383 1897 1450 1964 mit

276 2007 343 2072 den
369 2003 669 2092 stymphalischen
694 2007 833 2092 Vogeln
856 2004 892 2071 in
910 2004 1026 2072 insula
1044 2003 1168 2071 orastis
1184 2006 1292 2091 (Hyg.
1309 2005 1378 2071 131).
1393 2006 1449 2091 30)

276 2114 543 2181 verwechselte“
567 2112 623 2198 (R.
641 2112 803 2179 Foerster
825 2113 848 2180 l.
872 2113 895 2178 l.
918 2135 952 2198 p.
969 2113 1032 2200 68).

383 2245 414 2286 ν.
432 2223 474 2285 32
498 2222 612 2285 Natu:
653 2222 792 2286 Harum
819 2219 870 2286 ita
893 2219 962 2287 tuit
983 2221 1105 2304 fatum,
1130 2220 1299 2307 quamdiu
1327 2242 1449 2287 earum

225 2416 229 2421 .
277 2350 348 2393 vox
383 2325 504 2394 audita
538 2348 609 2392 non
646 2338 739 2394 esset
772 2327 989 2409 mortalibus,
1027 2339 1211 2395 manerent
1246 2327 1448 2393 incolumes,

278 2437 377 2501 Haec
394 2431 613 2515 stultissime3
639 2433 749 2518 Myth.
767 2446 869 2516 recte,
885 2432 1046 2501 similiter
1071 2437 1166 2521 Hyg.
1182 2436 1249 2501 131).
1271 2440 1328 2501 141
1347 2457 1379 2522 p.
1391 2437 1449 2499 22;

278 2539 347 2607 His
375 2561 582 2627 responsum
610 2554 686 2608 erat
713 2541 850 2607 tamdiu
881 2563 940 2608 eas
968 2540 1132 2625 victuras,
1166 2540 1335 2628 quamdiu
1371 2562 1452 2605 cun-

278 2656 395 2717 tantes
418 2671 477 2714 eos
502 2648 649 2716 audiens
673 2671 777 2716 nemo
800 2660 893 2717 esset
916 2659 1184 2737 praetervectus

437 2834 505 2897 131).
524 2829 705 2906 112334)
730 2830 774 2895 ad
798 2831 947 2896 verbum
970 2831 1041 2894 lere
1065 2829 1229 2916 congruit
1252 2851 1332 2895 cum
1351 2833 1449 2895 Narr.

278 2938 344 3002 131).
363 2938 414 3003 IV
438 2940 481 3001 20
504 2957 535 3022 p.
554 2940 625 3001 817.

385 3085 415 3126 v.
441 3064 550 3125 39-7
579 3059 710 3125 similes
738 3071 822 3127 sunt
850 3065 949 3128 Narr.
979 3063 1045 3128 fab.
1072 3064 1122 3128 IV
1150 3067 1188 3126 17
1223 3084 1255 3148 p.
1280 3063 1353 3144 815,
1388 3063 1451 3129 sed

278 3169 345 3232 hae
368 3165 510 3233 brevius
534 3178 686 3233 narrant.

439 3333 506 3397 tub.
526 3329 600 3397 114.
641 3327 737 3394 Prior
759 3350 840 3415 pars
864 3329 1005 3396 {abulae
1020 3331 1064 3415 (v.
1080 3331 1226 3418 33-361
1242 3332 1287 3397 ad
1304 3331 1451 3397 verbum

280 3459 360 3503 cum
383 3440 482 3503 Narr.
506 3437 574 3503 131).
592 3438 643 3502 IV
670 3440 708 3501 18
732 3457 764 3522 p.
781 3439 846 3502 816
875 3434 1048 3522 congruit,
1071 3436 1139 3504 nisi
1168 3438 1262 3524 quod
1289 3436 1389 3505 Atlas
1413 3436 1451 3504 in

278 3547 379 3611 Narr.
403 3541 499 3609 iilius
523 3540 636 3632 Iapeti
660 3553 696 3610 et
720 3534 885 3611 Pleionae
907 3554 970 3626 est,
993 3566 1084 3631 quae
1107 3555 1161 3611 est
1183 3566 1273 3611 uxor
1295 3543 1452 3611 Atlantis

279 3651 333 3736 (ci.
350 3653 415 3719 Or.
432 3652 508 3717 fast.
526 3653 559 3717 V
575 3654 625 3716 83.
644 3652 738 3737 Hyg.
754 3651 849 3720 Astr.
866 3652 902 3716 II
923 3654 984 3738 12).
1010 3652 1132 3718 Altera
1147 3673 1229 3741 pars
1245 3652 1289 3738 (ν.
1305 3652 1451 3737 36-41)

279 3755 458 3853 simillima
481 3768 535 3824 est
558 3758 664 3824 schol.
688 3757 834 3825 Theb]
859 3761 901 3825 98
924 3780 955 3847 p.
976 3762 1140 3842 llpo-u,
1164 3780 1234 3846 quo
1257 3757 1294 3825 in
1318 3756 1452 3826 scholio

279 3864 381 3929 Atlas
404 3873 498 3931 recte
521 3865 634 3951 Iapeti
658 3876 694 3931 et
718 3865 904 3950 Clymenes
926 3863 1023 3931 iilius
1046 3863 1182 3932 dicitur.
1223 3867 1358 3933 Omnes
1381 3874 1453 3932 tres

281 3982 441 4038 auctores
464 3972 508 4038 ad
533 3971 691 4039 eiusdem
713 3969 822 4038 fontis
846 3971 1092 4039 auctoritatem
1115 3995 1153 4038 se
1174 3971 1451 4060 applicaverunt.

439 4138 508 4220 lab·
527 4137 590 4205 137
613 4162 657 4198 ::
681 4139 780 4201 Narr.
809 4136 877 4201 131).
894 4137 963 4204 VII
989 4140 1009 4199 2
1038 4157 1068 4221 p.
1085 4139 1159 4201 835.
1213 4135 1322 4219 Myth.
1341 4138 1357 4197 I¹
1390 4138 1451 4197 188

281 4254 317 4309 et
340 4246 375 4309 11
400 4244 513 4312 multo
535 4242 712 4311 breviores
736 4255 827 4310 sunt.
