3367 4867
663 288 885 351 ..59-

184 503 328 564 rantum
344 494 509 565 Vaticani
533 498 681 566 alteret
704 496 829 566 tertius
853 499 897 565 ab
914 482 1054 587 Angelo
1071 497 1165 567 Maio
1188 498 1226 567 in
1250 501 1365 567 lucem

188 602 354 692 protracti
391 614 531 692 praesto
563 613 656 689 sunt,
692 606 736 674 de
768 626 920 693 quorum
954 616 1071 674 aetate
1101 628 1174 673 non
1198 610 1368 675 constat“

188 711 286 777 Idem
308 709 345 776 in
372 714 461 777 Mus
479 711 592 777 Rhen.
609 714 754 778 XXXII
770 735 802 799 p.
820 716 900 778 565:
929 713 1016 796 „Die
1040 711 1124 796 Zeit,
1152 712 1189 779 in
1214 714 1366 780 welcher

181 818 246 884 der
277 817 401 884 zweite
435 819 509 884 und
538 816 644 885 dritte
672 819 734 886 der
761 817 1037 887 Vaticanischen
1066 820 1366 910 Mythographen,

183 924 318 991 denen
359 924 614 1012 Fulgentius
654 926 715 992 als
754 927 905 1010 Quelle
943 924 1118 1012 gedient
1155 928 1242 1011 hat,
1287 927 1366 995 ihre

185 1030 367 1117 dfirltigen
397 1031 638 1119 Compendien
673 1033 857 1119 abgefasst
889 1032 1016 1117 haben,
1050 1034 1138 1101 lasst
1167 1033 1243 1101 sich
1272 1035 1364 1101 auch

184 1136 286 1204 nicht
309 1138 517 1204 annahemd
541 1140 763 1206 feststellen.“

291 1248 332 1311 D.
347 1244 605 1332 Comparetti
616 1246 652 1333 ¹):
669 1248 760 1329 „Der
771 1246 895 1314 zweite
906 1249 981 1314 und
993 1246 1101 1314 dritte
1112 1246 1363 1315 Vaticanische

188 1353 427 1438 Mythograph
466 1352 582 1418 haben
623 1353 793 1419 ebenlalls
830 1354 933 1420 mehr
970 1355 1054 1421 oder
1087 1353 1245 1441 weniger
1282 1354 1361 1421 den

184 1457 443 1544 Fulgentius
481 1459 668 1543 benutzt,
708 1459 787 1526 eine
821 1458 1000 1528 Tatsache
1033 1483 1104 1528 von
1140 1461 1361 1547 Bedeutung,

187 1586 290 1630 wenn
317 1587 402 1631 man
425 1566 590 1651 bedenkt,
615 1567 696 1633 dass
720 1566 777 1633 die
800 1567 935 1634 Fabeln
960 1567 1106 1654 Hygins
1129 1566 1196 1635 wie
1219 1566 1276 1634 die
1299 1568 1361 1634 des

183 1672 262 1738 Vat
285 1672 395 1755 Myth.
428 1671 631 1759 (besonders
659 1674 721 1739 des
749 1674 879 1760 ersten)
902 1674 1090 1759 jedenfalls
1117 1674 1362 1742 Schulbricher

185 1781 329 1844 waren.“

291 1886 391 1951 Rud.
421 1887 588 1974 Helm²):
624 1885 711 1971 „Die
746 1884 999 1973 Mythographi
1028 1884 1201 1968 Vaticani,
1235 1884 1293 1951 die
1322 1886 1361 1971 ja

180 1991 246 2058 das
270 1991 588 2079 Fulgentianische
612 1992 739 2066 Latein
764 1994 855 2060 diter
877 1991 1100 2059 emendieren
1117 2044 1124 2058 .
1140 2044 1147 2057 .
1164 2044 1171 2058 .
1188 1995 1214 2057 .“

290 2102 328 2170 L.
352 2098 562 2187 Traube³):
590 2104 688 2185 „Den
713 2103 802 2169 Vers
833 2101 889 2187 (sc
915 2099 1041 2167 Clotho
1070 2099 1262 2165 colum
1291 2100 1358 2165 fab.

187 2205 278 2292 llar)
307 2207 405 2272 lasen
429 2206 485 2273 bei
509 2206 584 2272 ihm
607 2208 664 2294 (sc.
690 2208 835 2293 Mythl
865 2209 939 2295 110)
962 2206 1072 2273 sehon
1096 2205 1204 2292 Myth
1223 2208 1260 2272 II
1284 2206 1358 2273 und

182 2314 246 2396 111,
270 2312 327 2378 die
343 2312 556 2399 Fulgentius
573 2314 633 2401 (11)
658 2315 732 2380 und
756 2313 903 2383 Servius
920 2315 1000 2402 (III)
1024 2312 1245 2400 selbstdndig
1269 2314 1358 2379 dazu

180 2420 402 2487 benutzten.“
1102 2433 1109 2450 “

289 2527 412 2593 Habes
425 2526 580 2594 virorum
597 2529 781 2594 doctorum
797 2527 993 2594 sententias
1005 2526 1097 2594 inter
1109 2549 1147 2592 se
1159 2527 1357 2609 concordes,

181 2631 309 2718 quibus
332 2635 446 2700 facere
469 2657 541 2701 non
565 2656 762 2721 possumus,
791 2633 878 2721 quin
902 2643 938 2699 et
960 2632 1027 2720 ipsi
1051 2653 1117 2699 nos
1140 2631 1355 2699 addicamus.

182 2741 307 2827 Neque
342 2739 438 2807 enim
475 2742 569 2828 quod
608 2764 629 2807 a
664 2738 928 2828 Mythographo
965 2740 1173 2826 plerumque
1207 2737 1356 2804 aliorum

180 2845 391 2933 scriptorum
421 2847 567 2914 nomina
595 2870 636 2914 ac
663 2848 771 2914 verba
798 2870 819 2913 a
843 2844 1035 2933 Fulgentio
1058 2846 1203 2912 laudata
1227 2844 1356 2911 omissa

182 2975 258 3019 esse
281 2953 443 3020 videmus
467 2955 549 3041 (qua
572 2955 616 3021 de
639 2976 676 3020 re
695 2954 808 3041 infra),
832 2976 947 3041 neque
963 2951 1254 3041 quod‘nonnullis
1270 2952 1355 3018 locis

180 3059 349 3127 maiorem
381 3059 474 3128 inter
505 3061 689 3148 utriusque
723 3061 977 3149 Mythographi
1009 3058 1184 3128 rationem
1215 3058 1355 3127 dicendi

178 3166 452 3256 discrepantiam
480 3168 783 3254 deprehendimus,
813 3191 855 3235 eo
878 3166 986 3252 ducit,
1013 3179 1055 3235 ut
1078 3166 1311 3255 Fulgentium
1334 3190 1355 3234 a

182 3275 446 3364 Mythographo
462 3274 657 3362 expilatum
673 3297 750 3342 esse
765 3297 947 3362 negemus,
964 3296 1046 3341 cum
1061 3274 1354 3360 Mythographus,

177 3378 216 3445 id
240 3383 333 3466 quod
357 3381 462 3447 ceteri
486 3384 602 3448 fontes
626 3383 670 3449 ab
694 3405 736 3449 eo
760 3380 926 3468 exscripti
948 3382 1086 3462 docent,
1116 3379 1354 3445 sinceritatem

180 3484 511 3575 simplicitatemque
534 3487 705 3556 sermonis
729 3490 892 3555 consulto
915 3496 1076 3569 sectetur,
1099 3484 1219 3570 itaque
1242 3507 1263 3550 a
1280 3506 1354 3550 ver-

179 3591 339 3678 bositate,
371 3594 586 3679 confusione,
616 3595 759 3682 turgido
787 3593 984 3682 inflatoque
1011 3614 1141 3678 genere
1168 3590 1353 3676 scribendi,

180 3722 249 3784 quo
284 3700 499 3788 Fulgentius
536 3700 690 3769 maxime
729 3703 932 3784 delectatur,
971 3696 1116 3766 omnino
1155 3697 1352 3768 abhorreat.

290 3879 316 3968 ¹)
338 3887 431 3962 Virgil
466 3886 507 3943 im
542 3886 728 3955 Mittelalter‚
766 3886 895 3944 deutsch
932 3903 991 3944 von
1025 3883 1191 3952 Ddtschke‚
1229 3883 1354 3961 Leipzig

180 3971 266 4034 1875
290 3974 410 4049 p.108.

287 4063 313 4140 ²)
336 4064 414 4122 Berl.
436 4063 508 4140 phil.
530 4064 637 4123 Woch.
663 4062 746 4126 1899
770 4083 800 4138 p.
816 4063 891 4124 427.

287 4149 314 4234 ³)
338 4153 367 4210 Ο
394 4153 493 4210 Roma
521 4153 643 4223 nobilis,
672 4154 751 4211 Abh.
777 4153 873 4212 Acad.
901 4152 1052 4210 Mfincheu
1081 4151 1096 4207 1
1124 4150 1169 4208 Cl.
1197 4150 1274 4208 xlx
1295 4150 1352 4211 Bd.

175 4238 199 4299 2
223 4242 292 4299 Abt.
315 4261 345 4317 p.
360 4239 436 4303 392.
