3367 4867
672 304 893 365 ..49-

181 542 258 608 -que
274 520 319 587 ad
329 543 360 586 v.
375 523 416 584 27
434 518 620 590 credentes·
637 536 743 601 quam
756 513 878 597 Myth.,
890 509 920 577 si
936 509 1008 577 iam
1024 520 1099 576 erat
1114 506 1151 574 in
1168 506 1243 574 eius
1258 508 1367 591 fonte,

190 626 346 714 explevit
368 648 388 692 e
411 626 444 694 S.
461 625 534 695 Ecl.
551 626 603 691 VI
628 626 684 687 48:
720 630 761 687 ut
783 642 822 685 se
844 628 1012 705 putantes
1039 638 1165 684 vaccas
1194 614 1230 681 in
1255 615 1369 681 saltus

190 733 329 801 abirent
352 742 388 799 et
409 733 617 818 plerumque
639 726 823 814 mugirent
846 736 882 793 et
904 724 1070 792 timerent
1093 733 1214 790 aratra

296 864 328 907 v.
346 843 388 905 29
413 838 528 904 Multo
551 834 675 902 melior
698 844 753 901 est
774 833 879 900 lectio
895 833 1001 898 schol.
1019 840 1055 897 et
1077 834 1122 913 V3
1147 830 1267 896 schol.:
1291 850 1369 915 pro·

190 945 310 1034 posuit
337 943 543 1012 habiturum
572 954 607 1010 et
635 965 679 1008 ex
706 940 763 1008 his
792 939 993 1026 coniugem3
1028 936 1147 1006 Vind.:
1183 933 1368 1025 proposuit

191 1057 358 1121 daturum
381 1064 417 1120 et
440 1074 484 1118 ex
506 1049 563 1116 his
587 1071 697 1116 unam
721 1047 918 1142 coniugem.

298 1185 330 1228 v.
349 1164 391 1226 30
426 1159 603 1224 herbariae
636 1158 721 1222 artri
749 1155 962 1242 peritissimo
995 1147 1032 1217 in
1067 1150 1226 1218 eiusdem
1260 1150 1367 1216 schol.

191 1292 222 1335 v.
243 1271 372 1333 13-14
400 1266 567 1353 legimus:
603 1263 698 1329 idem
726 1263 924 1348 Melampus
952 1258 1134 1326 herbariae
1169 1255 1253 1324 artis
1281 1255 1371 1343 peri·

192 1373 351 1441 tissimus
374 1372 449 1439 fuit

353 1589 419 1654 tab.
438 1591 598 1663 mas-1⁸
624 1606 644 1649 e
667 1584 738 1650 sch.
754 1582 821 1649 Th.
837 1587 889 1652 VI
917 1588 978 1648 117
1002 1603 1033 1669 p.
1052 1585 1242 1665 soon-1⁴.

352 1804 420 1868 tab.
437 1803 480 1865 75
505 1820 524 1865 e
548 1799 618 1865 sch.
635 1797 702 1864 Th.
722 1801 773 1866 IV
798 1801 862 1864 737
886 1819 918 1883 p.
936 1801 1110 1880 250‚⁸-1³.

301 1946 407 2009 Hanc
422 1943 580 2009 fabulam
596 1963 677 2023 non,
695 1951 736 2008 ut
752 1944 797 2005 M.
811 1939 975 2009 Schmidt
986 1938 1066 2006 edit
1080 1942 1175 2026 Hyg.
1186 1964 1218 2028 p.
1231 1945 1374 2014 XLVII.

194 2051 311 2117 adnot
336 2048 459 2132 voluit,
483 2050 528 2115 ad
551 2051 648 2134 Hyg.
673 2049 741 2114 fab.
762 2052 824 2113 149
848 2070 879 2134 p.
898 2052 949 2131 25,
973 2048 1035 2113 sed
1059 2048 1103 2114 ad
1128 2049 1233 2114 schol.
1258 2047 1372 2116 Theb.

192 2155 306 2223 redire
328 2157 407 2222 luce
431 2154 558 2222 clarius
582 2154 626 2221 fit
649 2153 799 2221 conlatis
822 2154 954 2222 verbis:

247 2300 427 2385 Hygiab.
448 2302 510 2363 149
663 2298 774 2382 Myth.
793 2301 829 2363 II
855 2303 896 2364 75
1030 2297 1184 2370 schTh.
1203 2302 1255 2367 IV
1280 2303 1345 2365 737

237 2422 396 2509 Iuppiter
474 2422 566 2509 Epa·
641 2420 801 2510 Iuppiter
878 2423 970 2510 Epa·
1044 2422 1204 2510 Iuppiter
1281 2424 1375 2511 Epa-

190 2531 312 2617 phum,
329 2551 434 2617 quem
457 2552 501 2595 ex
526 2532 566 2595 Io
594 2530 707 2616 phum
734 2528 771 2594 in
802 2530 969 2615 Aegypto
997 2529 1118 2617 phum,
1151 2550 1257 2615 quem
1295 2553 1374 2617 pro-

190 2647 444 2723 procreaverat,
499 2638 567 2702 Ae·
595 2635 727 2725 oppida
751 2633 970 2701 communire
998 2645 1185 2718 creaverat,
1231 2634 1267 2701 in
1305 2638 1374 2702 Ae-

192 2754 303 2831 gypto
327 2742 458 2831 oppida
475 2765 566 2809 com·
594 2742 713 2830 ibique
736 2764 885 2829 regnare
901 2741 970 2807 ius·
998 2751 1109 2828 gypto
1133 2740 1264 2830 oppida
1280 2765 1373 2809 com·

190 2849 330 2916 munire
364 2849 483 2937 ibique
516 2873 566 2916 re·
594 2850 648 2934 sit,
673 2849 843 2939 oppidum
861 2852 969 2914 Mem·
996 2847 1135 2915 munire
1169 2848 1288 2937 ibique
1318 2873 1370 2918 re·

193 2977 303 3043 gnare
317 2956 428 3024 iussit
454 2961 490 3023 Is
507 2980 565 3043 op·
593 2957 693 3045 phim
717 2968 753 3023 et
776 2955 846 3023 alia
866 2957 969 3044 plura
998 2978 1109 3043 gnare
1124 2954 1235 3024 iussit.
1262 2958 1372 3046 Oppi-

189 3062 315 3149 pidum
411 3063 565 3152 primum
594 3064 780 3131 constituit
789 3075 825 3129 et
834 3086 879 3129 ex
888 3063 968 3130 Cas·
997 3065 1083 3130 dum
1111 3065 1309 3152 Memphim
1336 3077 1374 3134 et

194 3170 390 3256 Memphim
425 3183 461 3239 et
495 3171 564 3238 alia
594 3171 727 3258 siopeia
756 3193 866 3237 uxore
894 3192 967 3236 sus·
996 3171 1065 3237 alia
1074 3171 1369 3258 pluraconstituit

190 3278 292 3365 plura
316 3277 501 3345 constituit
529 3289 565 3345 et
593 3278 686 3365 cepit
698 3276 810 3344 filiam
818 3277 965 3363 Libyen,
995 3277 1371 3364 etexCassiopauxore

191 3406 235 3449 ex
251 3384 431 3473 Cassiopia
455 3407 564 3452 uxore
592 3406 682 3472 quae
693 3395 817 3472 postea
828 3382 866 3450 in
876 3383 966 3449 Afri-
994 3381 1149 3470 suscepit
1172 3381 1284 3449 filiam
1312 3385 1375 3456 Li-

189 3490 386 3576 procreavit
451 3490 563 3558 filiam
592 3490 964 3578 caregnumpossedit;
993 3491 1095 3574 byen,
1124 3511 1213 3575 quae
1244 3501 1369 3577 postea

190 3596 386 3682 Libyen**,‚
427 3622 448 3665 a
493 3622 563 3686 qua
592 3600 692 3666 cuius
738 3622 782 3665 ex
820 3597 965 3663 nomine
993 3594 1029 3660 in
1064 3595 1183 3660 Africa
1214 3619 1368 3684 regnum

189 3713 281 3770 terra
304 3717 358 3772 est
377 3708 561 3794 appellata.
591 3718 682 3773 terra
698 3706 813 3790 Libya
837 3714 891 3769 est
907 3725 965 3789 ap·
992 3700 1156 3789 possedit.
1190 3702 1299 3771 Cuius
1323 3727 1369 3772 ex

589 3814 726 3902 pellata
993 3808 1137 3877 nomine
1176 3820 1267 3878 terra
1305 3811 1364 3885 Li-

992 3919 1078 4003 byes
1102 3929 1156 3985 est
1178 3920 1357 4006 appellata

294 4068 326 4111 v.
347 4049 386 4110 15
402 4057 484 4134 post
498 4048 680 4133 Epaphum
696 4045 807 4131 Myth.
824 4067 890 4111 om.
908 4067 1006 4131 quem
1016 4050 1263 4129 procreaverat,
1280 4043 1363 4131 quia

187 4149 258 4218 iam
281 4149 318 4218 iu
342 4153 409 4219 fab.
427 4154 582 4220 anteced.
606 4177 637 4220 v.
655 4157 696 4219 38
721 4154 813 4219 hanc
836 4172 911 4218 rem
934 4149 1063 4237 tetigit

294 4282 326 4326 v.
347 4265 386 4325 17
423 4260 607 4346 Cassr'opan
636 4261 733 4327 codd.
758 4260 865 4326 schol.
886 4258 1010 4341 Theb,
1050 4258 1219 4346 Cassiopa
1254 4261 1361 4344 Hyg„

1279 4399 1297 4452 4
