3367 4867
674 268 917 328 -113-

208 478 364 541 cundum
381 477 491 561 Myth.
509 501 542 542 v.
556 481 598 543 29
616 488 651 545 et
666 475 894 544 scholiastam
910 475 1020 543 Theb.
1035 475 1234 567 Hypsipyle
1250 501 1272 544 a
1286 499 1383 565 prae-

208 581 358 649 donibus
394 593 496 672 capta
531 585 696 650 Nemeam
731 583 916 671 deportata
950 595 1011 667 est,
1048 582 1218 670 Hyginus
1258 585 1384 650 Thebas

208 690 317 776 (locus
341 701 526 776 corruptus
549 712 625 757 esse
648 689 801 779 videtur)
825 713 904 757 eam
927 691 1082 757 ablatam
1106 713 1183 757 esse
1207 689 1358 758 tradidit

367 890 431 954 lab.
450 892 514 954 2⁰2
539 887 595 973 (de
610 889 881 975 Agamemnone
896 898 932 955 et
948 887 1089 974 Diana),
1112 909 1202 973 quae
1218 889 1263 955 ab
1279 887 1383 955 inter-

208 996 365 1081 polatore
393 994 545 1080 quodam
574 992 610 1060 in
636 992 774 1081 Hygini
813 993 942 1060 librum
977 995 1177 1061 fabularum
1211 995 1292 1082 (lab.
1319 999 1378 1060 261

208 1124 239 1187 p.
259 1100 333 1190 144)
357 1123 376 1166 e
399 1102 496 1168 Serv.
513 1102 572 1167 Ae.
591 1104 626 1166 ΙΙ
647 1106 708 1167 116
744 1101 842 1169 illata
871 1114 932 1184 est
966 1104 1063 1167 hunc
1087 1113 1180 1167 certe
1204 1112 1383 1169 auctorem

209 1208 374 1294 sequitur.
1000 1226 1008 1295 s

299 1316 583 1402 Mythographus
595 1315 706 1404 igitur
717 1340 832 1403 neque
841 1315 1088 1385 Astronomiea
1100 1337 1215 1403 neque
1232 1316 1385 1382 Fabulas

211 1422 349 1509 Hygini
373 1422 479 1508 adiit*
497 1445 578 1490 cum
601 1424 708 1511 longe
731 1424 887 1491 maxima
910 1447 991 1512 pars
1014 1424 1212 1491 fabularum
1237 1422 1385 1510 Hygino

210 1528 378 1597 similium
400 1533 458 1597 vel
474 1531 520 1597 ad
535 1529 623 1597 alios
638 1532 754 1598 iontes
771 1532 888 1598 adhuc
904 1529 1110 1620 superstites
1125 1529 1243 1598 referri
1260 1531 1387 1597 debeat

211 1638 265 1704 vel
290 1660 309 1702 e
333 1635 421 1703 libro
445 1648 564 1704 vetere
586 1638 851 1725 mythogrspho
874 1637 1025 1705 fluxerit.

566 1994 602 2050 D.
639 1994 683 2051 De
702 1994 824 2051 scholiis
843 1994 1029 2051 Lucanianis.

319 2137 455 2209 Lucani
479 2161 618 2226 quoque
641 2138 775 2206 scholia
784 2137 806 2228 ¹)
830 2140 1048 2225 perlustrans
1071 2139 1244 2205 nonnulla
1268 2138 1386 2225 depre-

210 2243 329 2327 hendi,
346 2242 473 2331 quibus
489 2244 682 2313 similitudo
699 2244 861 2333 quamvis
877 2248 974 2312 haud
989 2244 1142 2332 insignis
1159 2266 1239 2311 cum
1252 2244 1388 2331 aliquot

213 2351 467 2439 Mythographi
491 2356 527 2418 II
551 2352 680 2421 fabulis
704 2364 766 2437 est,
789 2352 824 2419 id
850 2354 944 2440 quod
961 2352 1092 2440 ubique
1108 2375 1213 2440 supra
1229 2374 1293 2418 suo
1308 2354 1385 2418 loco

213 2458 389 2526 adnotavi.
435 2460 507 2527 Sed
530 2461 618 2526 haec
640 2459 788 2526 minima
812 2471 918 2546 atque
933 2459 1065 2544 exigua
1080 2458 1232 2545 vestigia
1256 2461 1301 2524 ad
1318 2461 1386 2528 Lu-

213 2564 291 2632 cani
315 2564 449 2631 scholia
472 2565 584 2631 redire
619 2586 723 2630 nemo
753 2563 819 2629 erit
852 2564 912 2649 qni
942 2564 1046 2646 dicat,
1076 2563 1282 2650 praesertim
1306 2584 1387 2629 curn

212 2674 299 2741 haec
323 2669 443 2738 omnia
460 2671 745 2759 Mythographus
765 2670 801 2735 in
820 2668 1081 2736 commentariis
1096 2668 1312 2755 Vergilianis
1328 2672 1384 2735 rel

213 2778 292 2846 aliis
314 2776 413 2844 libris
436 2776 708 2864 mythographis
731 2775 882 2863 reperire
904 2775 1067 2861 potuerit.

565 3139 597 3194 Ε.
624 3137 669 3193 De
688 3135 811 3193 scholiis
830 3137 1041 3193 iuvenalianis.

323 3286 420 3349 Inter
443 3304 551 3348 unam
577 3292 717 3350 tantum
739 3280 992 3367 Mythographi
1017 3281 1173 3346 fabulam
1198 3291 1233 3344 et
1256 3278 1390 3344 scholia

217 3391 261 3455 ad
290 3387 468 3455 Iuvenalis
496 3388 621 3456 satiras
650 3387 841 3473 coniecta2)
871 3385 1065 3453 similitudo
1092 3382 1291 3465 intercedit3
1328 3385 1389 3448 sed

218 3495 520 3582 Mythographum
544 3517 624 3561 cum
648 3493 718 3561 alia
737 3493 847 3560 addat
870 3492 938 3559 alia
962 3490 1104 3558 omittat
1127 3513 1146 3556 e
1169 3491 1267 3557 fonte
1282 3487 1390 3555 huius

217 3602 340 3670 scholii
363 3600 524 3669 hausisse
548 3602 621 3668 veri
645 3598 795 3666 similius
819 3612 874 3665 est
896 3621 1002 3685 qnam
1027 3620 1046 3663 e
1070 3596 1204 3663 scholio
1228 3596 1311 3684 ipso.

327 3874 350 3960 ¹)
373 3877 488 3934 Lucani
511 3876 665 3934 Pharsalia
688 3877 745 3932 vol.
769 3872 811 3931 llI
835 3876 992 3932 continens
1016 3873 1204 3937 scholiastae
1229 3872 1277 3928 ed.
1302 3870 1336 3928 C.
1360 3873 1391 3928 F.

217 3969 339 4035 Weber,
362 3966 483 4042 Lipsiae
510 3964 605 4026 1831.

377 4054 494 4113 Lucani
510 4063 684 4113 commenta
699 4052 874 4121 Beruensia‚
897 4052 945 4110 ed.
961 4052 1001 4109 H.
1012 4052 1140 4117 Usener,
1156 4050 1278 4125 Lipsiae
1296 4047 1391 4110 1869.

328 4140 352 4226 ²)
374 4144 508 4202 Iuvenal.
524 4151 579 4201 sat
602 4144 670 4201 libri
686 4143 713 4199 V
738 4160 807 4200 cum
823 4143 945 4200 scholiis
962 4141 1123 4205 veteribus,
1137 4139 1195 4197 «ed.
1212 4139 1285 4196 Otto
1303 4137 1391 4213 Jahn,

218 4236 316 4293 Berol.
343 4232 436 4293 1851.

1285 4329 1303 4382 8
