3367 4867
774 303 973 364 ..g-

285 510 419 578 fectum
446 531 523 576 esse
550 508 657 576 Thilo
685 509 803 600 (praei.
819 534 851 599 p.
869 513 988 583 LXVI
1013 511 1075 598 sq.)
1103 505 1330 600 probabiliter
1357 534 1463 602 expo

287 615 366 683 suit
428 615 537 683 Cuius
575 615 773 683 sententiae
811 617 985 684 accedunt
1023 620 1068 683 H.
1093 616 1241 704 Georgii
1251 618 1273 705 ¹)
1311 628 1348 685 et
1386 617 1460 685 Ric.

287 724 393 789 Klotz
400 723 434 810 ²),
458 723 518 810 qui
542 721 771 790 Danielinum
787 723 952 792 Servium
967 723 1160 791 editionem
1176 724 1324 812 genuini
1346 725 1459 794 Servii

286 851 363 895 esse
395 828 544 896 aliorum
574 829 669 897 notis
701 839 844 897 auctam
873 841 910 897 et
940 831 985 897 ad
1017 830 1253 918 antiquiorem
1287 853 1461 899 commen·

286 934 425 1020 tarium,
437 936 585 1003 fortasse
601 936 709 1004 etiam
725 937 770 1003 ad
783 936 967 1020 Isidorum,
980 937 1282 1026 mythographum
1298 938 1460 1026 aliquem,

286 1041 416 1108 librum
444 1045 642 1129 glossarum
668 1044 781 1110 redire
811 1043 1073 1111 confirmarunt„
1126 1047 1226 1111 Haec
1253 1044 1387 1113 scholia
1415 1047 1460 1112 ad

288 1160 447 1216 nostram
471 1161 624 1218 aetatem
646 1152 752 1240 plane
775 1150 916 1237 integra
933 1162 1140 1218 conservata
1163 1173 1239 1217 esse
1262 1174 1367 1219 nemo
1390 1154 1461 1219 iere

289 1255 358 1323 erit
385 1256 445 1343 qui
474 1256 581 1340 dicat3
612 1278 766 1343 namque
793 1279 856 1344 per
882 1259 1032 1344 longum
1060 1248 1209 1346 tempusq
1236 1279 1306 1344 quo
1334 1257 1461 1325 iterum

285 1374 394 1449 atque
408 1362 537 1430 iterum
561 1388 581 1431 a
597 1363 682 1430 viris
706 1386 811 1451 saepe
826 1386 952 1453 parurn
969 1364 1115 1431 curiosis
1131 1363 1381 1452 transscriptus
1397 1376 1459 1448 est,

286 1468 415 1535 librum
446 1469 658 1540 Servianum
689 1470 811 1536 multis
842 1469 929 1537 locis
957 1473 1037 1559 plus
1068 1471 1187 1538 minus
1216 1469 1460 1538 circumcisum

285 1573 491 1642 mutilatum
514 1587 770 1643 commutatum
794 1599 878 1660 esse,
894 1576 1184 1667 interpolationes
1207 1600 1352 1667 passum
1375 1600 1459 1660 esse,

286 1682 459 1748 nonnulla
482 1682 675 1750 scribarum
699 1683 929 1770 neglegentia
956 1684 1101 1751 omnino
1125 1684 1270 1773 periisse
1293 1686 1371 1751 luce
1394 1685 1461 1750 cla-

286 1786 359 1854 rius
383 1800 443 1855 est
479 1788 549 1857 Sed
573 1791 638 1857 has
661 1789 953 1880 interpolationes
976 1794 1033 1859 vel
1057 1794 1202 1860 lacunas
1225 1791 1367 1858 levioris
1390 1793 1461 1879 ple-

285 1918 434 1983 rumque
461 1898 632 1965 momenti
661 1921 738 1965 esse
766 1922 967 1986 cognosces,
996 1900 1025 1966 si
1053 1920 1226 1986 magnum
1254 1899 1346 1964 inter
1370 1919 1461 1963 conr-

284 2002 449 2071 mentarii
474 2004 609 2071 codices
633 2027 845 2072 consensum
869 2004 1123 2095 spectaveris.³)

285 2187 453 2244 scheinlich
480 2188 620 2263 macheu,
650 2188 720 2245 dass
748 2189 803 2245 der
830 2188 997 2246 erweiterte
1022 2188 1226 2246 Kommentar
1261 2192 1314 2246 des
1343 2190 1461 2246 Servius

285 2292 344 2332 von
368 2275 468 2332 einem
486 2275 557 2334 Iren
581 2275 636 2332 des
652 2275 682 2336 8.
696 2277 743 2351 Jh.
758 2278 923 2346 herrfihrt,“
950 2276 988 2334 G.
1008 2277 1156 2336 Wissowa
1178 2274 1296 2359 (Goett.
1316 2278 1372 2353 gel.
1389 2284 1461 2334 Anz.

289 2360 373 2424 1895
396 2381 426 2438 p.
443 2359 522 2447 740)
546 2364 663 2422 invictis
687 2367 869 2440 argumentis
893 2368 1119 2429 demonstravit.

398 2452 422 2530 ¹)
447 2453 508 2511 Die
538 2453 640 2510 antike
668 2454 871 2513 Aeneiskritik
905 2474 960 2513 aus
988 2456 1048 2513 den
1074 2454 1220 2515 Scholieu
1254 2457 1316 2513 und
1344 2457 1460 2513 anderu

286 2540 419 2609 Quellen
443 2544 625 2618 hergestellt.
670 2541 816 2619 stuttgart
842 2544 936 2605 1891.

395 2631 420 2709 ²)
444 2632 729 2692 Animadversiones
757 2634 796 2690 ad
825 2642 944 2693 veteres
972 2632 1095 2708 Vergilii
1123 2634 1316 2709 interpretes,
1361 2634 1459 2709 Progr.

284 2720 427 2797 Treptow
450 2740 478 2778 a.
493 2722 528 2779 R.
548 2721 642 2783 1893.

394 2809 419 2883 ³)
443 2810 621 2868 Accuratius
642 2812 716 2867 mihi
738 2812 948 2888 Mythographi
971 2812 1090 2870 fabulas
1114 2831 1184 2871 cum
1212 2813 1352 2870 omnibus
1375 2830 1461 2869 com·

285 2899 426 2955 meutarii
441 2898 575 2956 Serviani
591 2899 758 2967 codicibus,
775 2909 926 2976 quotquot
941 2904 1041 2961 adhuc
1067 2904 1270 2970 innotuerunt,
1291 2900 1460 2959 conferenti

286 2987 397 3045 artiore
433 2986 567 3063 quodam
589 2988 709 3045 vinculo
736 2988 989 3065 Mythographum
1017 3000 1049 3050 et
1072 2993 1212 3050 codicem
1235 2994 1262 3047 A
1296 2986 1460 3073 (Caroliru

288 3077 415 3133 hensem
424 3076 437 3135 1
447 3074 486 3136 16
495 3069 623 3157 saec.X)
636 3076 714 3133 inter
725 3094 758 3135 se
773 3078 951 3138 coniunctos
964 3098 1032 3139 esse
1046 3082 1194 3156 appamit.
1228 3079 1307 3137 Nam
1320 3079 1460 3138 omnibus

285 3164 370 3227 locis.
393 3164 418 3221 si
440 3183 459 3221 a
482 3164 640 3222 levissimis
657 3165 773 3240 aliquot
800 3166 1009 3244 discrepantiis
1026 3170 1210 3235 discesseris,
1225 3168 1461 3243 Mythographus

287 3255 418 3311 eandem
443 3272 535 3329 quam
551 3255 577 3310 A
593 3254 758 3312 lectionem
773 3258 916 3331 praebet3
934 3266 1026 3333 atque
1046 3258 1125 3315 adeo
1143 3257 1238 3313 octies
1255 3258 1336 3313 solus
1353 3255 1421 3311 cod.
1435 3257 1460 3309 A

287 3351 405 3420 contra
417 3361 523 3401 omues
539 3343 671 3418 reliquos
688 3362 758 3401 cum
773 3346 992 3422 Mythographo
1008 3353 1111 3403 nostro
1128 3343 1287 3402 consentit.
1324 3342 1370 3399 En
1385 3341 1459 3399 loci:

286 3451 423 3508 Prooem.
435 3471 462 3510 v.
473 3450 512 3512 19
535 3461 567 3513 et
585 3473 681 3512 unam
703 3457 790 3514 deam
811 3459 975 3532 eademque
994 3476 1060 3516 esse
1075 3461 1226 3531 potestate
1246 3470 1290 3503 Ξ
1305 3449 1334 3506 S·
1346 3448 1459 3508 Ge·15

498 3560 528 3616 p.
547 3539 647 3609 130a⁵
670 3564 767 3603 unam
789 3548 877 3605 deam
894 3549 1057 3620 eademque
1069 3564 1136 3605 esse
1143 3550 1295 3620 potestate
1308 3540 1343 3602 A.
1363 3560 1462 3601 unam

498 3627 575 3710 (VM
597 3631 668 3693 add.
691 3635 791 3713 deam)
825 3638 1012 3710 eandemque
1031 3655 1097 3696 esse
1110 3639 1292 3708 potestatem
1314 3628 1417 3686 ceteri.

286 3715 347 3774 sab.
366 3716 444 3787 18‚34
501 3725 632 3798 instrui
648 3726 724 3783 deus
745 3742 790 3776 ::
813 3719 844 3779 S.
860 3720 924 3779 Ecl.
940 3721 966 3777 V
983 3719 1025 3781 66
1049 3740 1079 3795 p.
1091 3718 1157 3787 62³
1181 3722 1312 3795 inferni
1328 3723 1404 3781 deus
1426 3720 1461 3780 Α.

499 3814 651 3887 infernus
665 3814 741 3873 deus
755 3811 786 3880 P,
809 3814 1014 3887 infernorum
1028 3814 1105 3871 deus
1119 3807 1154 3887 B,
1177 3811 1319 3884 inferior
1332 3813 1408 3869 deur
1422 3807 1461 3872 H.

501 3903 679 3976 tnfirnalts
692 3905 768 3962 deus
790 3900 826 3960 R.

284 3983 348 4047 fab·
366 3984 447 4055 4822
503 4009 670 4052 recurvum
690 3995 835 4051 baculum
856 4008 900 4041 z
916 3987 945 4043 S.
960 3985 1023 4044 Ecl.
1039 3987 1068 4043 11
1084 3986 1122 4048 81
1142 4007 1172 4062 p.
1189 3984 1269 4054 2332
1295 4010 1460 4051 recurvum

498 4081 642 4139 baculum
664 4078 733 4135 add.
749 4079 784 4147 Α,
808 4077 902 4135 ceteri
926 4076 1076 4134 omittunt
1139 4081 1141 4084 ’

286 4162 348 4226 sab.
365 4162 447 4235 48‚23
504 4173 579 4243 quia
599 4172 676 4230 deus
698 4188 742 4222 :
765 4164 972 4227 S.Ecl.1131
997 4185 1027 4241 p.
1044 4164 1125 4232 2333
1158 4173 1234 4246 quia
1255 4173 1331 4230 deus
1353 4171 1387 4230 Α.
1411 4170 1464 4226 hic

501 4262 577 4335 quta
599 4256 703 4315 ceteri.
