3367 4867
757 306 981 368 ..64-

436 521 504 585 lab.
521 521 586 583 222
615 514 876 584 accuratissime
904 538 1010 584 exscr.
1036 539 1055 582 e
1081 516 1262 582 Pseudacr.
1287 515 1392 581 schol.
1414 512 1452 581 in

278 628 364 691 Hor.
382 647 409 691 a
427 648 458 712 p.
476 628 540 690 402
564 646 595 710 p.
614 628 787 707 371,⁷-1s.

436 824 504 888 lab.
520 824 586 887 223
610 842 629 885 e
654 821 835 886 Pseudacr.
853 820 959 886 schol.
976 818 1075 906 epist
1093 823 1110 885 I
1130 824 1179 903 19,
1207 824 1255 887 15.

383 945 511 1013 Schol:
547 942 676 1011 Iarbita
705 947 851 1011 Maurus
879 943 954 1012 luit
1006 944 1077 1029 Qui
1105 967 1186 1011 cum
1219 943 1455 1032 Timagenem

275 1050 528 1139 philosophum
551 1061 632 1138 post
655 1050 859 1118 convivium
883 1061 919 1118 et
941 1051 1034 1118 inter
1053 1052 1180 1140 pocula
1196 1053 1455 1119 declamantem

276 1160 384 1227 vellet
418 1158 547 1226 imitari
584 1169 619 1225 et
653 1181 724 1224 non
759 1170 888 1245 posset,
922 1158 1057 1226 invidia
1092 1160 1350 1245 quodammodo
1386 1159 1455 1226 dis-

276 1277 402 1356 ruptus
428 1277 489 1334 est.

744 1603 780 1660 D.
799 1603 844 1660 De
864 1603 990 1661 lsldoro.

383 1728 567 1813 Isidorum,
606 1729 811 1819 episcopum
847 1729 1106 1816 Hispalensem,
1141 1731 1452 1819 Etymologiarum

275 1860 338 1904 seu
362 1837 553 1924 Originum
575 1836 682 1904 libros
698 1837 829 1924 viginti
839 1838 871 1925 ¹),
894 1837 931 1904 in
953 1859 1041 1924 quos
1064 1837 1267 1905 universam
1287 1841 1359 1906 lere
1375 1842 1454 1908 doc-

275 1943 406 2012 trinam
429 1967 516 2012 saec.
533 1947 584 2013 VI
612 1945 861 2031 pervulgatam
885 1944 1071 2030 congessit,
1100 1966 1143 2010 ex
1168 1943 1323 2032 antiquis
1347 1946 1452 2033 scrip

276 2051 411 2119 toribus
438 2074 555 2118 rerum
578 2073 755 2119 sacrarum
783 2062 819 2118 et
847 2051 1080 2119 saecularium
1107 2052 1314 2139 plerumque
1337 2055 1451 2120 conle-

275 2156 372 2242 cisse,
404 2158 481 2246 ipse
508 2158 545 2224 in
574 2157 726 2245 epistula
756 2159 801 2225 ad
830 2158 1039 2225 Baulionem
1066 2157 1271 2246 episcopum
1298 2170 1449 2227 testatur

275 2263 447 2351 (Lindem.
471 2287 503 2351 p.
532 2268 596 2353 ll):
635 2265 711 2348 „En
735 2264 809 2348 tibi,
833 2264 926 2332 sicut
941 2264 1118 2352 pollicitus
1142 2288 1232 2344 sum,
1255 2266 1335 2333 misi
1359 2289 1449 2353 opus

275 2373 319 2438 de
342 2370 491 2458 Origine
519 2372 751 2458 quarumdam
782 2394 899 2438 rerum
927 2394 971 2438 ex
994 2371 1123 2439 veteris
1151 2371 1313 2439 lectionis
1341 2395 1450 2441 recor-

168 2477 172 2484 ’
274 2477 418 2547 datione
434 2480 620 2546 collectum
636 2490 742 2566 atque
757 2478 808 2546 ita
831 2479 869 2546 in
891 2478 1103 2566 quibusdam
1125 2479 1211 2547 locis
1228 2491 1448 2564 annotatum,

274 2585 367 2655 sicut
389 2598 489 2655 extat
511 2586 749 2674 conscriptum
772 2586 854 2654 stilo
877 2586 1078 2655 maiorum.“
1108 2589 1226 2674 Atque
1250 2589 1294 2654 ad
1318 2599 1449 2673 etymo

274 2694 389 2782 logias
417 2694 603 2762 nominum
630 2697 776 2763 deorum
803 2697 860 2763 vel
889 2697 1036 2762 heroum
1063 2696 1290 2781 proferendas
1313 2717 1448 2761 eorum-

274 2824 343 2889 que
370 2801 526 2889 origines
558 2804 772 2870 enarrandas
805 2803 963 2870 Isidorus
997 2813 1135 2890 praeter
1167 2801 1255 2868 alios
1270 2857 1273 2864 .
1287 2813 1448 2869 veterum

273 2908 481 2995 interpretes
510 2908 779 2976 commentarios
803 2932 943 2998 quoque
966 2907 1190 2996 Vergilianos
1218 2907 1374 2996 inspexit
1400 2911 1451 2976 ia·

273 3016 507 3102 bularumque
534 3015 630 3082 haud
654 3015 822 3102 exiguam
850 3028 988 3104 partem
1011 3040 1055 3083 ex
1078 3015 1147 3082 illis
1170 3015 1305 3102 petivit
1351 3015 1447 3085 Satis

272 3123 404 3189 multas
427 3122 661 3208 etymologias
685 3123 729 3190 ab
746 3120 881 3189 Isidoro
898 3125 1053 3211 prolatas
1077 3125 1121 3190 ad
1137 3122 1251 3192 Servii
1273 3144 1448 3190 commen-

275 3229 404 3296 tarium
434 3230 649 3297 revocandas
677 3251 753 3295 esse
781 3227 874 3295 inter
902 3228 1033 3316 peritos
1062 3241 1208 3298 constat
1260 3228 1369 3297 Cuius
1397 3228 1447 3297 rei

273 3337 416 3425 insigne
439 3339 641 3425 exemplum
665 3340 706 3403 R.
724 3337 860 3424 Klotz2)
884 3338 1002 3403 locum
1025 3335 1106 3403 Isid.
1132 3337 1229 3425 Orig.
1245 3341 1334 3407 XIV
1358 3343 1387 3422 8,
1403 3341 1447 3404 37

273 3449 406 3536 profert
434 3448 478 3513 ad
506 3446 602 3514 Serv.
632 3445 863 3511 Ge.111472
892 3454 985 3510 certe
1013 3446 1261 3529 revocandum,
1292 3466 1374 3511 cum
1401 3445 1449 3511 ab

274 3564 423 3641 utroque
450 3551 618 3639 scriptore
645 3552 743 3618 locus
773 3550 958 3620 Statianus
986 3552 1142 3618 addatur.
1201 3554 1281 3636 Quo
1313 3553 1447 3618 iactum

273 3671 335 3745 est,
358 3672 400 3728 ut
415 3660 522 3728 etiam
546 3681 627 3725 cum
651 3660 761 3745 Myth.
777 3663 856 3728 Vat.
874 3663 909 3725 II
934 3682 1186 3747 saepenumero
1201 3681 1372 3746 magnam
1388 3659 1448 3725 ha-

273 3767 356 3833 beat
382 3766 664 3850 similitudinem;
693 3766 812 3854 itaque
840 3767 1044 3834 hauseritne
1074 3767 1360 3855 Mythographus
1388 3764 1447 3832 hic

384 3984 406 4071 ¹)
430 3988 547 4066 Corpus
575 3988 711 4048 Gramm.
734 3989 799 4048 Lat.
822 3989 891 4046 Vet
915 3996 987 4046 tom.
1010 3988 1054 4044 111
1076 4007 1137 4048 rec.
1161 3989 1239 4047 Frid.
1262 3988 1446 4047 Lindeman-

272 4097 337 4147 nus‚
359 4078 480 4156 Lipsiae
507 4077 600 4140 1833.

381 4163 405 4250 ²)
429 4169 478 4227 De
506 4170 601 4227 schol.
623 4166 767 4229 Statianis
795 4167 1023 4236 commentatio,
1050 4168 1149 4243 Progr.
1172 4166 1279 4243 Gymn.
1303 4168 1450 4244 Treptovr
1496 4253 1498 4256 Ι

272 4276 300 4316 a.
323 4258 358 4316 R.
386 4257 468 4321 1895
493 4279 522 4335 p.
546 4257 576 4318 2.
