3367 4867
835 324 1057 387 ..38-

360 555 502 601 causam
527 534 724 600 nubentes.
741 585 748 599 .
765 558 785 616 .;
807 535 869 600 sed
895 534 1005 618 Myth.
1023 532 1079 599 his
1095 530 1218 619 paucis
1234 531 1350 599 verbis
1367 554 1439 599 non
1457 553 1547 599 con·

360 652 480 708 tentus
508 639 685 727 integram
713 662 855 707 narrare
877 641 956 707 vult
986 639 1186 724 Hymenaei
1214 640 1386 716 fabulam;
1416 636 1546 726 itaque

360 746 466 813 schol.
482 744 594 814 Theb.
612 749 666 813 ΙΙΙ
692 751 755 814 283
780 745 863 814 adit.
1476 765 1481 771 ·

519 965 584 1030 iah.
602 967 667 1028 224
691 985 710 1027 e
733 961 767 1034 S.
785 961 858 1032 Ecl.
876 963 925 1030 VI
953 966 993 1027 72
1018 983 1049 1047 p.
1070 965 1210 1044 78‚4--⁵;
1233 986 1349 1027 21—27.

467 1128 498 1170 v.
516 1108 558 1169 22
582 1105 761 1192 Apollinis
777 1110 811 1170 et
825 1107 975 1169 Mantus
987 1104 1092 1190 filiios
1115 1104 1192 1170 add,
1211 1103 1321 1188 Myth.
1340 1126 1358 1169 e
1374 1103 1442 1168 lab.
1461 1106 1547 1185 sep.

521 1322 585 1386 iah.
604 1320 669 1383 228
693 1339 712 1383 e
735 1316 766 1384 S.
784 1318 847 1383 Ge.
866 1320 900 1382 ΙΙ
929 1322 986 1382 161
1014 1339 1046 1403 p.
1064 1322 1253 1398 235‚n-2o.

468 1484 499 1526 v.
521 1465 560 1525 10
584 1460 695 1527 Seru:
729 1463 771 1525 In
789 1458 923 1527 Baiano
939 1459 1020 1525 sinu
1037 1458 1251 1546 Campaniae
1275 1471 1397 1526 contra
1414 1463 1552 1527 Puteo*

360 1566 480 1632 lanam
504 1564 805 1633 civitatem'lacus
828 1577 913 1633 sunt
936 1568 1014 1633 duo,
1062 1568 1117 1632 Ad
1140 1566 1237 1632 hunc
1260 1567 1377 1632 locum
1406 1564 1551 1633 Bodius

361 1694 392 1759 p.
414 1676 474 1738 109
499 1683 664 1739 annotat:
693 1673 825 1741 Vocem
849 1674 954 1739 Boias
978 1672 1094 1740 Maius
1111 1673 1154 1739 de
1169 1695 1234 1739 suo
1250 1670 1427 1739 addidisse
1444 1672 1553 1738 vide-

361 1790 428 1861 tur,
452 1800 535 1845 nam
559 1777 685 1846 litteris
709 1801 796 1866 quas
819 1791 950 1847 vocant
974 1779 1108 1847 Italicis
1132 1790 1276 1846 exarata
1299 1791 1360 1846 est.

468 1910 499 1952 v.
520 1891 559 1951 17
585 1890 668 1952 Post
685 1892 801 1974 pessel
824 1887 934 1971 Myth.
952 1885 1084 1953 omisit:
1110 1898 1146 1954 et
1168 1887 1299 1953 fluctus
1323 1908 1394 1951 non
1420 1898 1551 1954 essent

360 1991 509 2059 molesti.

692 2614 732 2684 B.
766 2616 819 2685 De
842 2617 995 2688 scholiis
1019 2616 1203 2687 Statiauis.
1279 2641 1281 2644 ·

731 2791 759 2832 a.
784 2776 829 2833 De
848 2777 1023 2834 Achilleidis
1041 2776 1173 2833 scholiis.

472 2934 650 3018 Quoniam
678 2934 811 3003 scholia
840 2938 885 3004 ad
909 2937 1017 3007 Statii
1040 2934 1273 3003 Achilleidem
1301 2935 1494 3005 novissime
1519 2963 1547 3006 a

365 3039 447 3105 Ric.
471 3041 638 3125 Jahnke
662 3063 733 3109 una
757 3064 838 3108 cum
862 3044 1042 3115 Lactantii
1068 3041 1200 3110 Placidi
1225 3042 1477 3111 commentario
1501 3043 1541 3111 in

363 3146 470 3214 Statii
493 3145 713 3214 Thebaidem
737 3150 935 3237 conscripto
952 3151 1094 3238 Lipsiae
1119 3155 1202 3217 1898
1227 3150 1322 3218 edita
1345 3150 1542 3218 maximam

362 3265 498 3340 partem
522 3276 542 3320 e
565 3254 679 3324 Servii
703 3256 955 3324 commentario
979 3259 1024 3325 ad
1039 3257 1188 3345 Vergilii
1213 3257 1369 3325 carmina
1391 3255 1548 3326 fluxisse

363 3372 470 3448 atque
494 3362 601 3430 etiam
624 3364 721 3429 haud
744 3385 876 3449 paucas
893 3365 1147 3452 Mythographi
1169 3368 1204 3431 ll
1228 3366 1367 3433 fabulas
1391 3387 1472 3431 cum
1487 3366 1549 3434 eis

364 3469 562 3538 consentire
591 3480 737 3554 constat,
761 3471 928 3538 hocloco
957 3472 1208 3560 inquirendum
1237 3471 1339 3539 nobis
1367 3484 1429 3556 est,
1453 3472 1541 3560 quid

364 3575 411 3643 sit
437 3575 584 3644 rationis
611 3577 704 3646 inter
733 3580 1038 3667 Mythographum
1072 3592 1234 3647 nostrum
1268 3591 1304 3647 et
1332 3578 1544 3647 Achilleidis

363 3682 599 3753 scholiastam.
647 3686 717 3771 Qui
740 3689 828 3755 haec
846 3686 978 3754 scholia
995 3687 1239 3774 composuerit,
1263 3685 1404 3755 idemne
1428 3684 1475 3755 sit
1498 3711 1548 3755 ac

363 3790 470 3857 statii
493 3789 687 3859 Thebaidis
722 3793 903 3882 interpres
931 3794 1091 3860 nondum
1114 3795 1201 3862 satis
1236 3806 1291 3862 est
1324 3792 1546 3882 expeditum.

364 3896 540 3984 Equidem
565 3910 687 3967 contra
711 3902 1054 3989 Kohlmaunum¹)
1079 3903 1122 3968 ad
1147 3901 1376 3990 Thilonis2)
1399 3912 1549 3969 senten·
1661 3983 1669 3992 ,

475 4191 497 4266 ¹)
523 4190 633 4267 Gymn.
649 4194 746 4268 Progr.
766 4192 885 4252 Emden
913 4191 995 4253 1887
1019 4211 1049 4269 p.
1069 4192 1118 4253 15.

473 4279 500 4357 ²)
524 4278 620 4339 Servii
644 4300 755 4341 comm.
777 4282 866 4342 voll
888 4281 983 4358 praef.
1005 4301 1036 4359 p.
1052 4282 1195 4341 XXXVI.
