3367 4867
717 311 961 370 -110-

244 517 375 586 mentis
403 517 519 586 allatis
547 517 781 586 audacissime
809 518 1005 599 contendit3
1035 520 1168 589 iactum
1201 517 1236 584 id
1266 541 1342 585 esse
1365 516 1422 584 his

245 627 318 693 iere
346 624 443 692 locis:
494 626 603 711 Mytb.
625 627 661 691 ΙΙ
687 630 714 692 8.
740 630 790 691 22.
816 630 867 692 34.
893 631 943 692 74.
969 630 1019 692 75.
1044 630 1094 691 81.
1120 629 1170 691 84.
1196 629 1247 692 97.
1272 629 1322 692 99.
1351 629 1422 690 103.

251 732 603 820 134,2†136,n-n.
637 738 746 816 lilpa.
770 758 808 798 29.
845 737 915 799 162.
941 737 1014 798 200.
1039 736 1112 798 202.
1164 735 1262 797 Num
1290 731 1340 797 sic
1367 753 1422 797 res

243 859 284 905 se
299 840 437 922 habeat,
462 839 646 927 utriusque
663 839 916 926 Mythographi
933 840 1133 906 fabularum
1157 849 1193 905 et
1209 850 1422 924 argumenta

244 958 281 1013 et
320 947 427 1013 verba
462 945 723 1014 conferentibus
757 945 866 1013 nobis·
895 945 1144 1033 inquirendum
1180 955 1241 1012 est.
1303 947 1422 1029 Quam

245 1053 488 1139 quaestionem
506 1056 623 1121 solutu
648 1051 881 1119 difficiliorem
898 1075 975 1119 esse
990 1051 1169 1120 nerninem
1193 1052 1316 1138 fugiet,
1340 1073 1422 1117 cum

247 1182 372 1246 corpus
390 1158 528 1247 Hygini
545 1159 826 1247 mythologicnm
844 1172 970 1247 utpote
986 1162 1030 1226 ad
1048 1157 1300 1246 discipulorum
1317 1180 1422 1224 usum

246 1265 484 1353 conscriptum
512 1264 643 1333 sensim
678 1265 785 1332 variis
813 1266 928 1333 modis
957 1266 1238 1334 contaminatum
1267 1276 1423 1332 contrac-

246 1385 324 1440 tum
354 1372 610 1459 amplificatum
645 1373 899 1461 interpolatum
928 1371 982 1455 sit,
1018 1385 1059 1439 ut
1088 1395 1178 1460 quae
1205 1374 1317 1438 forma
1344 1372 1422 1438 eins

245 1477 353 1546 inerit
381 1480 633 1566 Mythographi
673 1479 835 1548 Vaticani
861 1491 977 1546 aetate
1005 1479 1065 1545 vix
1094 1478 1206 1566 possit
1236 1477 1422 1544 enucleari.

234 1584 382 1652 Tamen
409 1586 493 1671 qnid
518 1585 669 1652 sentiam
694 1584 821 1652 dicam:

406 1786 509 1850 iah8
533 1784 591 1869 (de
616 1783 811 1865 Phoroneo)
827 1809 872 1842 :
897 1786 991 1868 Hyg.
1016 1783 1083 1847 iab.
1105 1786 1165 1847 143
1190 1803 1221 1866 p.
1240 1786 1292 1848 23.

355 1910 459 1973 Hanc
489 1908 645 1974 fabulam
674 1930 746 1973 non
772 1931 815 1973 ex
840 1906 999 1994 Hygino,
1027 1906 1086 1993 qni
1111 1907 1224 1971 multo
1248 1903 1422 1994 copiosior

246 2016 352 2100 plane
368 2013 446 2081 aliis
463 2012 578 2080 verbis
595 2013 715 2097 utitur,
739 2016 800 2080 sed
817 2036 836 2080 e
853 2015 959 2080 schol.
977 2013 1090 2080 Theb.
1107 2016 1123 2077 I
1149 2016 1213 2077 252
1230 2023 1266 2078 et
1283 2014 1335 2080 IV
1356 2016 1420 2077 589

246 2119 394 2188 fluxisse
422 2123 496 2188 cod.
521 2120 625 2189 Vind.
650 2120 806 2188 ostendit
827 2142 978 2186 exorsus
1008 2142 1118 2206 aeque
1147 2143 1187 2185 ac
1216 2117 1373 2184 scholion
1399 2142 1420 2184 a

246 2227 363 2294 verbis
388 2229 529 2292 Dicitur
550 2234 682 2292 autem
705 2230 911 2293 Phoroneus.
995 2307 998 2311 .

407 2428 472 2491 fab.
490 2428 532 2490 22
557 2423 612 2512 (de
637 2420 821 2509 Coronide)
839 2450 883 2482 :z
901 2426 994 2508 Hyg.
1019 2424 1086 2511 fab.
1104 2428 1167 2488 202
1192 2447 1223 2510 p.
1245 2431 1313 2491 128.

357 2549 493 2616 Fabula
532 2551 575 2615 ab
613 2547 761 2635 Hygino
807 2547 1013 2614 brevissime
1056 2560 1218 2615 enarrata
1257 2574 1276 2615 e
1315 2551 1420 2617 schol.

246 2658 357 2723 Theb.
376 2661 431 2722 111
457 2661 521 2722 506
546 2668 581 2723 et
606 2657 741 2741 Fulgl
770 2659 808 2721 13
833 2656 941 2723 fluxit
965 2655 1082 2742 (supra
1105 2679 1135 2741 p.
1154 2661 1196 2721 46
1221 2669 1257 2723 et
1282 2659 1342 2745 75).

407 2859 471 2921 fab.
489 2859 532 2919 34
556 2854 611 2942 (de
636 2857 791 2942 Myrrha)
806 2882 851 2914 z
868 2858 963 2939 Hyg.
988 2853 1054 2918 iab.
1072 2856 1114 2917 58
1138 2875 1169 2938 p.
1187 2857 1236 2917 60.
1297 2868 1302 2877 ’

355 2978 484 3045 Totam
508 2979 665 3045 fabulam
684 2979 794 3064 Myth.
819 3003 838 3044 e
863 2981 965 3066 Fuig.
983 2982 1037 3044 111
1064 2984 1083 3044 8
1107 2978 1258 3067 sumpsit
1274 2989 1421 3066 excepto

247 3089 395 3152 fortasse
419 3108 491 3150 uno
516 3087 592 3151 loco
615 3110 646 3151 v.
673 3090 714 3151 32
741 3109 838 3172 quom
866 3088 980 3152 Venus
1003 3088 1107 3151 adse
1129 3086 1256 3172 recepit
1276 3092 1310 3149 et
1330 3108 1421 3150 ama·

247 3194 355 3258 vit:-
373 3195 467 3277 Hyg.
493 3192 559 3258 fab.
578 3195 637 3257 271
670 3216 702 3280 p.
723 3195 797 3257 146:
845 3191 980 3259 Adonis
1008 3191 1158 3277 Cinyrae
1185 3203 1220 3258 et
1248 3192 1421 3280 Smyrnae

248 3298 354 3381 filius,
379 3320 483 3385 quern
500 3300 623 3366 Venus
646 3298 789 3366 amavit
825 3299 896 3366 Sed
920 3299 1012 3365 hanc
1035 3310 1156 3367 notam
1180 3298 1273 3366 inter
1287 3297 1421 3365 indices

249 3407 308 3493 qui
333 3406 499 3473 dicuntur
526 3405 562 3470 in
588 3405 660 3471 fine
683 3406 761 3471 libri
786 3405 1017 3491 mythologici
1047 3407 1091 3471 ab
1117 3405 1264 3491 Hygino
1288 3403 1421 3471 alienos

248 3536 458 3580 invenimus.

411 3732 475 3797 iah.
493 3733 536 3793 74
560 3726 615 3814 (de
639 3731 736 3811 Lyco
760 3739 796 3794 et
812 3726 979 3812 Antiopa)
1004 3727 1127 3793 eodem
1152 3738 1272 3794 tenore
1296 3728 1421 3794 iisdem

249 3836 320 3901 fere
348 3833 465 3900 verbis
493 3834 587 3920 apud
618 3836 713 3920 Hyg.
742 3834 808 3899 fab.
835 3839 853 3899 7
883 3855 913 3919 p.
940 3838 978 3897 41
1006 3844 1185 3903 narratur.
1237 3835 1308 3901 Sed
1341 3856 1422 3901 cum

249 3941 423 4028 permulta
452 3940 611 4023 frustula,
647 3951 687 4007 nt
716 3939 766 4006 ita
793 3938 917 4022 dicam,
952 3938 1059 4006 huius
1094 3941 1235 4008 fabulae
1263 3952 1300 4008 et
1326 3942 1422 4028 apud

249 4052 345 4118 Serv.
371 4049 442 4117 Ecl.
461 4051 564 4114 1124.
590 4049 695 4115 schol.
720 4047 806 4114 Ach.
827 4051 875 4113 12.
903 4051 942 4114 13
966 4058 1002 4115 et
1017 4046 1171 4115 maxime
1187 4049 1282 4134 apud
1298 4048 1423 4116 scholi-

249 4169 363 4225 astam
387 4154 497 4223 Theb.
524 4159 539 4221 I
568 4160 615 4222 10.
641 4159 676 4221 II
702 4159 774 4221 455.
800 4158 856 4221 111
882 4159 954 4221 205.
980 4157 1032 4222 IV
1055 4158 1128 4221 570.
1152 4157 1223 4224 VII
1250 4159 1319 4222 189.
1348 4158 1421 4221 655.

250 4265 339 4331 VIII
369 4268 441 4330 233.
471 4265 525 4329 IX
553 4268 618 4329 423
655 4265 816 4349 legamus
844 4262 901 4328 hic
930 4260 1001 4329 illic
1036 4262 1180 4349 propius
1208 4263 1253 4329 ad
1283 4262 1424 4347 Mytho-
