3367 4867
641 283 862 344 ...99-

169 517 296 562 manus
320 492 510 576 habuisset,
539 492 635 560 haud
659 490 765 560 dubie
787 494 901 559 multo
925 491 1042 580 magis
1067 514 1147 559 cum
1171 490 1241 559 illis
1264 512 1346 559 con·

170 600 323 683 sentiret,
348 599 478 687 quippe
502 600 561 686 qui
578 601 694 667 fontes
718 621 801 666 suos
816 610 956 686 praeter
971 598 1213 686 surgentium,
1237 604 1344 686 quern

171 706 349 775 hominem
379 698 455 773 esse
483 705 635 789 inanem,
663 703 825 789 infidum,
854 704 1052 774 litterarum
1080 703 1266 774 scientiam
1294 705 1345 772 ni-

169 815 237 882 mis
259 815 450 883 iactantem
474 825 698 900 cognoverat,
726 811 874 880 minime
901 813 1023 881 multis
1046 812 1163 881 verbis
1191 835 1346 880 commu-

144 935 148 943 “
172 922 255 990 tatis
278 920 473 989 exscribere
497 921 616 1003 soleat,
640 922 734 1006 quod
758 919 872 988 Servii
897 931 933 988 et
955 917 1149 987 Thebaidis
1171 942 1349 988 commen·

170 1027 249 1095 tarii
284 1026 437 1094 dilucide
471 1029 723 1095 demonstrant
786 1024 960 1111 Quamvis
999 1028 1264 1094 concedendum
1299 1026 1346 1093 sit

168 1131 231 1201 illa
255 1136 585 1220 Metamorphoseon
614 1137 837 1223 Argumenta
866 1136 912 1202 ad
937 1133 1097 1201 codicum
1126 1135 1235 1201 fidem
1259 1153 1346 1200 non-

171 1243 256 1308 dum
281 1239 367 1308 satis
390 1263 466 1308 esse
489 1241 673 1328 recognita
689 1263 805 1329 neque
829 1241 1027 1329 genuinam
1051 1263 1173 1308 eorum
1196 1243 1345 1307 formam

169 1348 273 1415 nobis
296 1360 418 1415 notam
435 1371 520 1431 esse,
544 1362 662 1416 tamen
688 1370 801 1434 pauca
824 1361 1038 1435 argumenta
1062 1351 1107 1415 ad
1130 1348 1346 1416 fulciendam

169 1477 286 1522 meam
314 1455 528 1523 sententiam
563 1454 699 1523 adicere
735 1454 846 1523 liceat
906 1460 948 1523 In
978 1456 1045 1523 lab.
1075 1461 1117 1523 77
1153 1456 1345 1522 nonnullos

170 1563 265 1628 locos
294 1584 374 1628 cum
404 1562 707 1650 Mythographol
737 1561 879 1650 quidem
908 1562 1170 1631 accuratissime
1200 1581 1346 1629 consen-

171 1667 309 1752 tientes,
333 1693 354 1735 a
377 1673 410 1736 N
414 1668 649 1738 arrationibus
665 1692 749 1737 vero
765 1667 1006 1756 discrepantes
1021 1668 1192 1752 videmus,
1217 1669 1346 1755 quibus

171 1785 361 1861 utrumque
389 1777 694 1863 Mytlrographum
728 1798 800 1843 non
837 1777 882 1842 ad
910 1774 1140 1844 Narrationes
1173 1778 1234 1844 sed
1265 1798 1345 1842 cunr

171 1879 228 1947 his
251 1883 295 1947 ad
319 1882 555 1970 antiquiorem
580 1884 734 1970 aliquem
758 1884 894 1949 iontem
918 1884 1157 1950 revocandum
1174 1905 1251 1950 esse
1275 1884 1350 1965 clu,

171 2000 261 2071 ceat3
287 2012 330 2055 en
356 1992 462 2056 locos:

240 2133 383 2216 Myth.1
412 2138 472 2199 149
498 2145 533 2200 et
557 2138 592 2198 II
619 2140 660 2198 77
913 2139 1012 2202 Narr.
1030 2135 1096 2201 fab.
1116 2138 1169 2198 111
1199 2140 1212 2200 l

175 2258 209 2319 11
232 2280 262 2321 v.
280 2261 322 2321 34
346 2269 446 2345 rapta
836 2282 902 2325 om.

231 2386 262 2428 v.
281 2367 322 2428 34
348 2362 490 2431 Cilicem
508 2365 679 2432 Cadmum
696 2377 731 2433 et

349 2470 559 2537 Phoenicem

232 2599 263 2640 v.
282 2580 324 2641 35
348 2575 444 2645 misit
834 2577 969 2644 dimisit

231 2707 262 2747 v.
281 2686 323 2747 37
347 2683 508 2770 regiones
835 2696 945 2751 terras

232 2813 262 2853 v.
282 2794 325 2880 42
347 2788 396 2857 ibi
412 2793 534 2857 urbem
560 2780 731 2857 statueret
836 2788 885 2857 ibi
909 2801 1080 2859 statueret
1104 2794 1228 2858 urbem

232 2920 263 2961 v.
304 2895 441 2965 2dicta
464 2906 517 2965 est
836 2911 891 2966 est
913 2898 1007 2965 dicta

231 3026 263 3068 v.
303 3003 524 3072 linteremit
836 3003 1012 3074 interiecit

232 3133 262 3174 v.
303 3110 437 3178 dsevit
835 3113 945 3178 humo
969 3114 1104 3199 sparsit.

836 2442 902 2484 om.

281 3273 405 3356 Neque
433 3295 516 3339 vero
541 3273 844 3361 Mythographum
867 3273 1021 3360 primum
1049 3275 1225 3342 secundus
1253 3272 1350 3358 expi·
1394 3283 1402 3298 ·

172 3375 269 3459 lavit,
300 3399 383 3444 nam
411 3378 597 3465 aliquoties
622 3379 732 3464 Myth.
750 3378 786 3444 ΙΙ
816 3401 897 3446 cum
926 3378 1197 3445 Narrationibus
1225 3389 1347 3445 contra

174 3484 319 3567 Myth.I
345 3485 536 3572 conspirat:

247 3627 357 3711 Myth.
375 3631 411 3693 11
437 3633 478 3693 77
503 3640 538 3695 et
561 3633 659 3696 Nan.
953 3629 1097 3712 Myth.1
1126 3632 1188 3693 149

173 3753 210 3814 11
232 3774 262 3821 v.
281 3755 322 3814 42
347 3775 474 3839 parens
498 3765 683 3840 praecepto
831 3751 988 3840 parentis
1011 3764 1198 3840 praecepto

234 3881 264 3922 v.
308 3862 320 3920 l
349 3858 492 3927 Boeotia
833 3881 899 3925 orn.

233 3988 264 4030 ν.
304 3970 323 4030 3
348 3977 384 4032 et
398 3964 475 4053 ipse
486 3967 570 4034 illuc
581 3980 662 4056 post
673 3991 733 4036 eos

348 4072 505 4140 venisset
528 4075 652 4161 (Narra
684 4086 733 4143 at·
835 4095 901 4139 om

335 4178 732 4270 queilleillucvenisset)
