3367 4867
747 333 992 395 -140-

286 540 430 608 relicere
460 551 608 610 conatus
637 551 699 624 est,
727 562 835 628 prope
863 541 920 608 vel
948 538 1056 607 etiam
1082 536 1241 626 proxime
1264 539 1310 605 ad
1336 535 1466 624 prima-

284 646 374 714 riam
407 646 483 716 eius
510 650 660 715 formam
693 648 858 715 accedere
888 646 1110 727 arbitramur,
1149 646 1247 713 hunc
1275 668 1296 711 a
1324 644 1465 729 Mytho-

150 815 154 823 .
288 756 424 842 grapho
441 758 478 820 II
502 777 644 842 prorsus
660 753 814 821 alienum
831 775 908 821 esse
928 753 1117 820 dicendum
1132 762 1195 836 est,
1217 762 1464 839 praeterquam

284 863 380 948 quod
408 871 555 948 uterque
582 860 712 948 pariter
739 884 760 928 a
783 859 851 927 diis
874 859 1066 927 maioribus
1097 881 1242 927 exorsus
1271 860 1316 926 ad
1340 859 1465 925 heroes

284 978 322 1034 et
344 966 439 1034 viros
467 969 579 1035 claros
600 988 792 1053 eorumque
819 969 902 1050 lata,
930 988 1020 1053 quae
1048 967 1139 1034 scitu
1168 966 1279 1053 digna
1307 965 1357 1032 eis
1386 963 1464 1032 visa

225 1116 228 1120 ι
286 1084 380 1157 sunt,
403 1073 580 1161 processit.
627 1074 699 1144 Sed
726 1072 855 1141 fabulis
884 1073 1013 1140 adnexi
1042 1085 1127 1145 sunt
1154 1074 1288 1141 indices
1316 1096 1388 1140 non
1418 1073 1463 1141 ab

287 1179 436 1267 Hygino
466 1179 552 1268 ipso,
587 1183 648 1248 sed
682 1182 831 1248 fortasse
859 1204 880 1247 a
907 1179 1079 1267 magistro
1108 1183 1263 1267 quodam
1296 1179 1333 1246 in
1370 1181 1464 1249 ludis

285 1285 466 1355 litterariis
517 1292 759 1356 Romanorum
804 1287 942 1354 fabulas
992 1297 1231 1372 pertractante
1277 1287 1462 1375 compositi

284 1393 463 1480 (Schmidt
484 1396 589 1481 praef.
606 1396 755 1482 XXIX),
779 1394 816 1461 in
840 1394 968 1481 quibus
991 1395 1131 1462 fabulae
1155 1393 1301 1462 materia
1321 1396 1464 1482 propin-

286 1523 356 1587 qua
378 1501 436 1568 vel
459 1500 566 1567 simili
590 1500 700 1569 artius
727 1501 820 1569 inter
843 1523 881 1568 se
905 1502 1132 1568 cohaerentes
1156 1512 1345 1589 congestae
1367 1514 1461 1570 sunt

284 1605 400 1676 Simili
423 1606 560 1674 ratione
584 1608 869 1695 Mythographus
893 1629 1032 1694 quoque
1054 1630 1140 1675 usus
1164 1609 1295 1692 ordine,
1319 1610 1461 1697 qualem

284 1712 321 1779 in
345 1712 504 1780 lontibus
527 1714 627 1798 vidit,
654 1715 818 1801 neglecto
846 1716 984 1781 fabulas
1013 1736 1095 1782 suas
1122 1716 1220 1782 hunc
1248 1715 1284 1782 in
1312 1718 1460 1783 modum

287 1821 484 1889 collocavit:

283 1928 351 1998 tab.
393 1933 407 1995 l
434 1929 610 1997 Saturnus

392 2039 500 2102 2-15
524 2036 669 2103 Saturni
692 2036 807 2104 liberi:

524 2147 552 2208 2.
577 2147 596 2209 3
622 2143 782 2231 Iuppiter

525 2253 611 2315 4-8
629 2253 719 2316 Iuno

525 2358 759 2443 9Neptunus

528 2466 656 2529 10-15
682 2465 785 2532 Pluto

378 2572 417 2635 16
443 2569 538 2636 Iovis
561 2582 660 2638 ortus
683 2582 719 2638 et
742 2572 817 2640 vita

376 2680 504 2742 17-28
529 2678 690 2766 Iuppiter
712 2690 748 2746 et
771 2684 910 2752 Latona
934 2700 1124 2767 eorumque
1148 2678 1260 2746 liberi:

528 2788 656 2851 18-24
679 2788 807 2873 Apollo

525 2896 655 2959 25-28
681 2892 798 2960 Diana

374 3002 505 3064 29-50
529 3000 599 3067 Alii
624 3000 679 3067 dci
704 3010 740 3067 et
762 3001 849 3067 deae
872 3002 1022 3069 maiores
1046 3012 1082 3068 et
1104 3001 1269 3069 minores:

524 3111 566 3172 29
592 3110 686 3172 Mars

524 3217 655 3279 30-36
680 3216 802 3281 Venus

524 3325 565 3387 37
592 3320 773 3388 Minervae
796 3331 832 3387 et
856 3321 1007 3388 Vulcani
1032 3323 1238 3409 coniugium

524 3433 566 3495 38
592 3427 739 3515 Priapus

523 3540 655 3603 39-40
680 3536 840 3604 Minerva
865 3546 900 3603 et
924 3538 1105 3605 Vulcanus

523 3647 654 3709 41--43
680 3643 874 3711 Mercurius

526 3755 568 3815 44
593 3751 756 3836 Orpheus
780 3763 816 3818 et
838 3753 914 3837 lyra
938 3776 959 3819 a
984 3755 1086 3818 lllerc.
1111 3749 1259 3819 inventa

524 3860 567 3921 45
591 3856 752 3943 Iuppiter
774 3869 810 3924 et
832 3861 950 3925 Aetna

524 3967 574 4030 46.
599 3969 641 4030 47
666 3964 795 4049 Cybele

524 4074 564 4136 48
591 4075 663 4137 Pan

524 4183 566 4245 49
592 4179 737 4244 Faunus

523 4290 566 4350 50
590 4287 778 4371 Nymphae
