3367 4867
763 370 1008 430 -146—

289 578 383 665 phus
407 575 533 664 cuique
556 577 664 644 aetati
681 577 889 645 tribuendus
913 575 959 644 sit
982 577 1219 664 cognoscendi
1241 600 1467 665 nequaquam

290 683 393 751 nobis
416 684 561 772 praebet
584 706 716 754 ansam.
757 686 798 750 Id
822 706 935 750 unum
959 694 1098 750 constat
1119 683 1360 752 Christianum
1384 707 1465 752 eum

290 791 407 874 fuisse,
432 813 512 856 cum
537 789 572 856 in
596 789 783 876 prooemio,
808 792 902 876 quod
918 789 1053 856 Isidoro
1078 789 1241 879 episcopo
1260 789 1465 878 Hispalensi

290 898 403 979 debet,
427 898 471 963 de
494 898 639 963 deorum
656 897 873 984 heroumque
897 898 1013 963 cultus
1037 895 1174 983 origine
1195 899 1289 984 apud
1304 921 1467 986 paganos

290 1008 368 1070 lose
390 1006 555 1089 loquatur
582 1015 688 1089 atque
711 1004 870 1070 ethnicas
901 1003 1039 1069 fabulas
1063 1002 1254 1070 christiane
1277 1006 1467 1092 explanare

291 1122 393 1177 amet.
440 1111 603 1177 Ceterum
632 1108 835 1176 testimonia
870 1110 1088 1176 extrinsecus
1116 1113 1329 1178 assumenda
1363 1112 1466 1178 nobis

291 1229 384 1284 sunt.
435 1216 625 1283 Terminus
660 1218 756 1300 alter,
791 1228 875 1283 ante
910 1239 1014 1302 quem
1048 1219 1332 1304 Mythographus
1368 1217 1467 1301 vixit,

292 1323 410 1391 codice
444 1323 639 1410 Reginensi
679 1328 757 1389 1401
796 1321 941 1409 ponitur
968 1321 1095 1389 litteris
1130 1344 1218 1407 saec.
1245 1327 1279 1389 X
1326 1326 1467 1409 (Maass,

290 1430 551 1516 Tagesgoetter
562 1454 595 1518 p.
610 1429 686 1517 256)
696 1432 718 1516 ¹)
737 1440 889 1511 exarat0,
903 1450 1007 1514 quem
1024 1451 1068 1494 ex
1080 1428 1278 1516 antiquiore
1294 1433 1466 1519 exemplo,

291 1538 327 1603 id
355 1538 449 1624 quod
486 1540 603 1603 Maass
633 1538 652 1601 1.
677 1538 696 1601 l.
733 1537 776 1601 de
805 1536 957 1619 MythI
994 1557 1133 1621 quoque
1167 1534 1281 1619 evicit,
1319 1537 1467 1602 fluxisse

292 1654 449 1730 apparet,
474 1665 558 1709 nam
581 1641 712 1708 librarii
737 1641 941 1728 ignorantia
969 1653 1005 1708 et
1028 1642 1259 1728 neglegentia
1282 1645 1467 1730 permultis
1548 1666 1554 1683 ·'

290 1749 429 1816 mendis
445 1771 653 1836 conspersus
677 1761 739 1832 est,
763 1759 799 1814 et
814 1771 885 1814 non
902 1771 980 1815 raro
1004 1748 1080 1814 eius
1094 1750 1227 1830 oculus,
1252 1751 1345 1835 quod
1361 1772 1468 1837 supra

292 1855 539 1939 demonstravi,
570 1856 730 1942 singulos
757 1876 881 1922 versus
914 1855 1102 1922 transiluit.
1147 1854 1354 1921 Terminum
1384 1858 1469 1923 alte-

291 1986 378 2046 rum,
413 1975 494 2051 post
521 1985 625 2049 quem
654 1963 939 2049 Mythographus
967 1961 1043 2044 fuit,
1071 1984 1188 2028 rerum
1216 1961 1401 2048 scriptores
1429 1962 1466 2028 in

292 2092 396 2137 usum
425 2072 468 2136 ab
493 2093 533 2136 eo
558 2069 717 2135 conversi
745 2068 849 2135 nobis
871 2069 1050 2155 praebent,
1079 2074 1228 2155 quorum
1253 2068 1468 2135 novissimus

292 2188 346 2243 est
373 2176 530 2243 Isidorus
560 2174 790 2261 Hispalensis,
850 2174 920 2259 Qui
950 2197 1030 2241 cum
1059 2198 1154 2241 anno
1182 2181 1247 2243 636
1275 2198 1308 2262 p.
1331 2176 1409 2242 Chr.
1435 2199 1467 2242 n.

291 2282 366 2350 vita
397 2282 596 2365 excesserit,
633 2283 936 2368 Mythographum
960 2286 996 2347 II
1025 2304 1111 2348 saec.
1137 2286 1288 2350 VII-X
1316 2281 1470 2349 tribuere

293 2389 461 2476 cogimur.
515 2389 586 2458 Sed
614 2390 789 2474 quomodo
818 2390 863 2454 ad
893 2389 1195 2474 Mythographum
1220 2391 1258 2453 I?
1307 2390 1364 2458 Ex
1399 2411 1469 2475 quo

292 2518 372 2562 cum
400 2497 574 2583 pemrulta
602 2494 884 2583 deprornpsisset,
912 2494 1140 2561 recentiorem
1174 2492 1234 2560 illo
1262 2495 1469 2562 habendum

292 2625 373 2669 eum
401 2626 478 2670 esse
507 2603 587 2685 Mai,
623 2604 726 2686 Bode,
760 2601 859 2685 Zink,
891 2600 1225 2683 Teuffel-Schwabe,
1260 2601 1468 2667 Kohlmann

293 2713 347 2797 (ci.
370 2731 477 2796 supra
498 2732 529 2797 p.
558 2710 640 2796 116),
675 2709 864 2795 Vollmer2)
892 2731 954 2795 pro
983 2718 1077 2774 certo
1106 2706 1337 2774 affirmarunt.
1390 2711 1470 2774 Pro-

292 2821 383 2884 fecto
406 2818 606 2883 fabularum
630 2826 811 2898 structura,
835 2816 929 2898 ordo,
954 2816 1118 2897 delectus
1143 2835 1257 2899 genus
1281 2814 1468 2880 enarrandi

291 2925 405 2990 multo
433 2923 548 3009 magis
575 2923 756 2989 excultum
791 2933 898 3007 atque
926 2921 1122 3007 expolitum
1150 2931 1205 2986 est
1232 2942 1338 3006 quam
1373 2922 1469 3008 apud

295 3030 598 3116 Mythographum
615 3032 641 3112 1,
664 3040 705 3095 ut
728 3027 803 3094 iure
828 3051 868 3093 ac
883 3027 1009 3095 merito
1027 3029 1331 3114 Mythographum
1347 3048 1470 3092 secun-

293 3139 378 3202 dum
407 3134 513 3201 Primi
541 3134 612 3201 iam
643 3137 844 3220 exemplum
877 3146 960 3201 ante
989 3136 1108 3201 oculos
1136 3133 1303 3200 habuisse
1332 3134 1475 3200 conclu-

294 3243 428 3310 damus.
461 3245 609 3330 'Itaque
648 3240 815 3327 quoniam
858 3241 987 3308 Schulz
1021 3263 1052 3327 p.
1083 3248 1125 3306 74
1163 3263 1251 3307 saec.
1280 3228 1469 3307 VIII-IX

294 3349 548 3439 Mythographi
577 3354 593 3415 Ι
630 3360 781 3417 aetatem
821 3347 1065 3414 definiendum
1103 3346 1254 3430 censuit,
1306 3345 1474 3433 equidem

294 3461 474 3526 saeculum
484 3461 619 3525 IX-X
629 3456 893 3543 Mythographo
903 3458 938 3521 II
951 3454 1203 3522 vindicandum
1213 3476 1289 3521 esse
1297 3451 1469 3520 existimo.

296 3566 364 3632 His
387 3565 541 3633 maxime
565 3563 782 3654 temporibus
805 3562 972 3650 permulti
1000 3560 1166 3628 monachi
1190 3558 1296 3643 Scoti,
1320 3581 1471 3647 quorum

295 3671 330 3738 in
370 3669 592 3741 monasteriis
627 3669 860 3738 celeberrimis
898 3668 1094 3737 litterarum
1133 3670 1252 3735 lumen
1287 3688 1471 3753 nunquam

295 3776 510 3844 exstinctum
534 3788 617 3860 erat,
641 3800 662 3843 a
685 3776 859 3864 Vikingis
877 3775 938 3864 qui
962 3774 1129 3843 dicuntur
1148 3774 1296 3862 lugati³)
1321 3771 1473 3859 antiqui·

405 3961 427 4038 ¹)
442 3960 617 4020 Secundum
631 3962 745 4019 Maium
758 3955 867 4041 (praes.
877 3981 907 4038 p.
920 3960 975 4036 Vl)
992 3959 1089 4018 codex
1104 3958 1208 4034 Regin.
1225 3977 1307 4017 saec.
1319 3926 1473 4027 Xl-XII,

298 4051 465 4110 secundum
490 4052 519 4108 P.
543 4050 633 4108 Ehrle
656 4046 762 4131 (supra
785 4070 815 4124 p
831 4045 866 4127 2)
891 4067 972 4108 saec.
988 4047 1045 4105 x11
1068 4048 1195 4123 scriptus
1219 4055 1274 4106 est.

404 4134 431 4223 )
453 4140 545 4198 Thes
561 4139 645 4215 Ling.
660 4138 723 4199 Lat.
748 4139 851 4205 Index,
874 4137 996 4213 Lipsiae
1024 4135 1107 4199 1904
1131 4156 1162 4212 p
1178 4136 1230 4197 74

404 4231 427 4304 ³)
451 4230 491 4287 H.
506 4230 645 4295 Zimmer‚
669 4230 784 4285 Preuss.
799 4229 901 4303 Jahrb.
918 4225 960 4286 59
984 4246 1013 4302 p.
1032 4225 1089 4292 27:
1114 4226 1258 4283 Zeitschr.
1275 4225 1293 4283 f.
1310 4226 1474 4321 deutsches

296 4322 360 4377 au.
377 4318 429 4386 33,
453 4317 533 4384 325;
559 4316 656 4375 Nenn.
671 4316 750 4373 vind.
766 4335 796 4391 p.
812 4314 888 4375 238.
1458 4343 1477 4357 ›
