3367 4867
762 298 982 359 -96-

448 511 516 575 fab.
543 512 720 590 laeso—as
757 508 796 575 ci.
831 507 928 575 Serv,
961 511 1049 576 Dan.
1083 511 1144 574 Ae.
1172 511 1207 575 II
1246 512 1322 591 7613
1357 508 1471 575 schol.

205 622 207 626 '
290 618 406 685 LucI
432 620 489 680 97:
519 613 664 681 Dictum
687 624 807 681 autem
831 625 885 680 est
908 616 1046 699 asylum
1070 613 1170 701 quasi
1195 636 1346 699 asymm,
1369 616 1466 701 quod

289 720 372 787 inde
395 723 515 787 nullus
539 720 676 788 extrahi
700 732 828 807 posset.

396 853 427 895 v.
445 828 589 895 3828.
610 830 670 894 Ae.
692 830 728 892 II
751 832 828 911 7613
864 828 970 894 schol.
996 830 1079 898 Luc.
1103 833 1198 895 197:
1232 840 1268 896 et
1296 830 1362 895 hoc
1390 851 1465 897 uon

289 934 453 1002 omnibus
491 934 631 1020 templis
670 933 738 1000 nisi
783 932 912 1021 quibus
956 934 1228 1001 consecrationis
1266 938 1346 1022 lege
1385 958 1468 1002 con·

290 1064 427 1109 cessum
450 1054 511 1110 est.

448 1260 516 1324 iah.
537 1259 599 1323 168
627 1254 806 1321 simillima
841 1266 895 1321 est
923 1255 1028 1321 schol.
1058 1255 1168 1322 Theb.
1190 1259 1259 1324 VII
1290 1261 1368 1338 335,
1402 1258 1465 1323 sed

288 1367 360 1430 iion
385 1364 429 1430 ad
453 1365 520 1429 hoc
543 1363 740 1429 revocanda
763 1374 825 1444 est,
850 1360 932 1448 quia
956 1363 1094 1428 duobus
1117 1362 1202 1430 locis
1226 1385 1307 1428 cum
1330 1363 1465 1431 scholio

288 1469 464 1537 dissentit:

395 1581 463 1644 ud
488 1577 594 1642 schol.
625 1579 666 1641 da
691 1578 900 1642 Anthedone
928 1578 1076 1642 civitate.
1124 1578 1212 1643 Cum
1245 1580 1354 1663 Myth.
1384 1601 1466 1644 con·

289 1683 398 1771 spirat
430 1684 503 1749 cod.
540 1683 573 1749 G
608 1705 695 1751 saec.
724 1687 776 1749 XI
811 1687 908 1750 Brev.
945 1685 1073 1770 Expos.
1108 1685 1170 1750 Ge.
1196 1688 1212 1748 I
1243 1689 1307 1750 437
1340 1709 1371 1773 p.
1398 1690 1466 1750 279

294 1791 447 1857 Glaucus
469 1791 687 1856 Antz'odom's
697 1792 816 1877 filius.

395 1922 426 1964 v.
452 1902 538 1963 7-8
571 1899 702 1964 absunt
736 1921 756 1964 a
791 1900 862 1964 sch.
886 1896 967 1987 mr,
1002 1900 1063 1964 sed
1093 1902 1190 1964 Brev.
1221 1899 1349 1985 Expos.
1379 1900 1399 1964 1.
1429 1900 1463 1965 1.;

289 2005 447 2073 Glaucus
482 2005 577 2072 enim
612 2006 735 2073 dolens
769 2003 930 2071 amisisse
961 2006 1142 2091 praedam,
1181 2003 1217 2070 id
1252 2016 1307 2072 est
1340 2005 1464 2094 pisces,

288 2109 533 2199 praecipitavit
560 2135 598 2179 se
625 2113 661 2178 in
690 2135 786 2178 mare
810 2122 846 2179 et
868 2113 956 2178 deus
979 2111 1136 2178 marinus
1158 2114 1274 2180 factus
1297 2123 1359 2179 est.
1406 2113 1465 2183 Ex

289 2217 352 2286 tali
366 2220 466 2285 fonte
481 2218 589 2286 etiam
603 2220 699 2287 Serv.
717 2219 779 2285 Ge.
792 2222 808 2283 Ι
826 2223 899 2284 437.
922 2219 1023 2305 Fulg.
1037 2222 1072 2284 II
1090 2224 1119 2284 9.
1141 2223 1239 2285 Narr.
1256 2220 1323 2286 fab.
1336 2223 1429 2286 XIII
1443 2226 1465 2286 9

288 2326 477 2391 fluxerunt.
525 2327 624 2392 Idem
647 2326 768 2412 Steph.
794 2329 872 2410 Byz.
897 2350 921 2391 s.
946 2351 977 2392 v.
998 2325 1182 2417 31119ηό1111.

447 2545 515 2609 fab.
544 2546 607 2608 172
645 2539 769 2608 iisdem
807 2543 879 2607 fere
917 2539 1033 2608 verbis
1076 2539 1112 2606 in
1147 2540 1327 2610 Servianis
1365 2540 1464 2608 libris

288 2659 459 2732 narratur,
483 2651 523 2714 cf.
539 2647 704 2715 'Philonis
720 2650 836 2715 adnot.
854 2648 887 2717 S.
905 2649 977 2719 Ecl.
994 2651 1083 2716 VIII
1101 2652 1143 2712 55
1160 2671 1191 2735 p.
1208 2652 1279 2731 101,
1303 2645 1467 2716 similiter

202 2850 209 2863 .
288 2779 309 2822 a
333 2754 485 2842 Philarg.
511 2766 546 2823 et
570 2756 673 2823 Probi
697 2777 819 2823 comm.
845 2767 881 2823 et
904 2756 1009 2822 schol.
1034 2759 1134 2820 Bern.
1156 2755 1200 2821 ad
1216 2755 1289 2824 Ecl.
1304 2758 1393 2823 VIII
1410 2759 1462 2822 56.

395 2887 427 2931 v.
453 2867 472 2927 6
508 2869 542 2929 et
575 2865 625 2929 ita
657 2865 706 2928 ad
734 2864 946 2929 Taenarium
979 2864 1064 2928 litus
1098 2869 1212 2928 vectus
1244 2864 1284 2929 cf.
1321 2862 1462 2949 Oppian

288 2969 355 3039 hal.
380 2971 413 3038 V
436 2973 502 3034 452
540 2973 698 3055 Ταιναρίῃ
727 2974 754 3037 τ’
785 2971 971 3039 ἐπέλασσεν
995 2968 1049 3036 ἐπὶ
1072 2971 1262 3059 προβολῇσι
1285 2967 1466 3037 Λακώνων.

447 3185 515 3249 fab.
547 3187 608 3248 173
647 3181 683 3247 in
723 3203 846 3248 comm.
886 3183 930 3248 ad
965 3185 1024 3249 Ae.
1054 3187 1109 3251 III
1139 3189 1203 3250 694
1242 3183 1319 3267 fuit,
1357 3206 1464 3271 quem

289 3289 478 3359 scholiasta
501 3288 611 3356 Theb.
629 3293 645 3354 I
664 3294 724 3354 271
752 3299 788 3357 et
812 3291 864 3357 IV
888 3293 952 3355 239
977 3289 1161 3377 exscripsit
1184 3289 1323 3357 omissis
1345 3289 1464 3357 verbis

287 3400 473 3464 secundum
492 3398 629 3477 fabulas
652 3396 776 3482 (Myth.
794 3419 825 3461 v.
844 3395 879 3483 9)
903 3407 938 3462 et
962 3395 1092 3464 additis
1115 3421 1222 3484 usquc
1246 3399 1284 3463 in
1299 3398 1463 3463 Siciliam

289 3506 411 3590 (Myth.
447 3530 477 3571 v.
510 3509 568 3584 12).
616 3504 719 3587 Quod
750 3504 861 3588 Myth.
886 3502 922 3568 in
958 3502 1030 3570 fine
1060 3504 1159 3571 addit
1188 3512 1222 3571 ct
1252 3507 1358 3571 undas
1387 3505 1464 3569 eim

289 3614 503 3685 commisceri,
544 3611 637 3696 apud
676 3611 772 3678 Serv.
809 3614 897 3677 Dan.
938 3612 981 3676 ad
1021 3613 1116 3677 hunc
1154 3613 1272 3678 locum
1310 3635 1342 3698 p.
1372 3615 1460 3694 455,a

287 3718 447 3803 legimus.
496 3716 624 3783 Fusius
648 3728 767 3784 narrat
791 3718 896 3784 schol.
923 3720 1005 3788 Luc.
1023 3721 1079 3784 III
1105 3724 1174 3784 177.

447 3936 590 4000 11111.192
605 3955 624 3998 e
641 3955 762 3999 comm.
776 3932 894 4021 aliquo
907 3934 951 4000 ad
964 3936 1078 4020 Verg.,
1096 3933 1195 4000 cuius
1211 3934 1298 3999 haec
1311 3930 1464 4018 vestigia

287 4038 502 4107 invenimus:
540 4041 636 4108 Serv.
665 4043 725 4107 Ae.
752 4044 768 4104 I
799 4045 871 4106 235,
903 4045 976 4107 380.
1013 4043 1067 4106 III
1099 4045 1149 4107 94.
1182 4045 1252 4107 167.
1287 4041 1359 4108 VII
1388 4042 1461 4106 207.

287 4149 321 4215 Χ
346 4152 418 4215 719.
443 4148 539 4217 Seru.
562 4151 650 4214 Dan.
676 4149 735 4213 Ae.
753 4150 789 4211 II
814 4151 886 4213 325.
913 4151 967 4212 III
994 4152 1063 4214 167.
1088 4151 1123 4214 Χ
1141 4153 1212 4213 719.
1238 4147 1343 4213 schol.
1361 4149 1461 4212 Bern.

287 4254 350 4323 Ge.
368 4258 423 4323 III
448 4259 498 4322 35.
