3367 4867
706 287 948 347 -ΙΝ-

241 496 306 561 lab.
332 499 397 578 80,5
423 495 476 582 (ci.
502 497 647 581 Myssnl
677 497 799 585 mma),
823 496 884 581 ubi
902 493 1115 581 Fulgentius
1139 496 1187 581 (11
1213 500 1251 560 12
1272 520 1305 583 p.
1322 498 1416 582 53,17)

241 604 328 668 duas
352 602 453 690 ponit
476 602 641 687 rationes
675 626 783 690 quare
813 626 868 670 res
900 603 1040 690 propria
1071 626 1111 668 ac
1135 602 1326 689 singularis
1350 604 1416 670 deo

241 707 467 794 adscribatur,
503 711 651 778 alteram
686 712 848 796 Myth.1,
883 713 1030 778 alteram
1067 711 1177 795 Myth.
1206 713 1241 775 II
1277 711 1414 796 profert.

241 816 342 904 Fulg.
359 820 395 882 II
417 821 470 883 12:
497 816 567 884 Hic
582 818 690 886 etiam
707 818 860 906 tigribus
875 819 997 885 sedere
1022 815 1159 887 dicitur,
1183 820 1276 903 quod
1300 818 1415 883 onmis

240 922 435 992 vinolentia
463 925 594 991 feritati
623 948 762 1014 semper
791 925 934 992 insistat
963 925 1039 990 sive
1067 922 1173 989 etiam
1202 926 1296 1009 quod
1333 924 1415 989 vino

240 1032 410 1099 ecferatae
434 1043 572 1099 mentes
596 1034 824 1100 mulceantur.

396 1175 505 1260 Myth.
524 1178 559 1240 11
581 1179 646 1261 aas
825 1181 828 1259 ;
1001 1183 1144 1265 Myth.1
1170 1148 1272 1262 nuo

285 1299 353 1364 Hic
375 1298 525 1386 tigribus
546 1299 697 1369 insidere
717 1300 828 1409 dici-l
905 1304 1001 1372 Hinc
1044 1304 1150 1377 Liber
1193 1315 1304 1390 pater,
1353 1325 1415 1368 seu

239 1417 303 1490 tur,
327 1408 420 1493 quod
444 1405 528 1473 vino
552 1409 645 1474 fotae
660 1423 797 1478 mentes
824 1412 827 1509 Ι
855 1410 1048 1496 Dionysus,
1101 1409 1252 1497 tigribus
1295 1411 1415 1475 sedere

237 1515 467 1579 mulceantur.
824 1520 990 1603 ldicstur,
1031 1520 1126 1606 quod
1164 1515 1279 1583 omnis
1319 1515 1415 1582 vino

823 1626 826 1709 ζ
854 1626 963 1692 lentia
975 1625 1107 1693 feritati
1117 1646 1254 1712 semper
1264 1622 1412 1688 insistat.

237 1785 337 1851 Idem
361 1783 521 1853 invenies
544 1789 639 1873 apud
664 1788 799 1874 Fulg.l
828 1793 867 1853 15
890 1811 921 1873 p.
939 1792 1037 1872 25,19:
1074 1788 1190 1854 Prima
1214 1786 1289 1853 Clio
1313 1784 1412 1871 quasi

237 1891 406 1979 cogitatio
430 1891 543 1980 prima
567 1892 798 1962 discendi...
828 1907 864 1961 et
891 1892 1059 1981 quoniam
1085 1894 1205 1958 nullus
1229 1891 1414 1958 scientiam

236 1999 375 2084 quaerit
402 1999 470 2066 nisi
499 1999 535 2066 in
565 2023 635 2087 qua
662 2002 777 2069 lamae
805 2025 891 2068 suae
925 2002 1077 2088 protelet
1110 1997 1333 2086 dignitatem,
1368 1999 1412 2062 ob

235 2106 329 2171 hanc
352 2128 425 2172 rem
449 2105 561 2193 prima
586 2106 661 2173 Clio
685 2110 862 2195 appellata
887 2120 950 2193 est,
979 2106 1014 2174 id
1039 2121 1093 2174 est
1117 2104 1286 2194 cogitatio
1310 2127 1433 2190 quae·⁴
1503 2173 1506 2179 ,

234 2214 365 2279 rendae
389 2211 567 2281 scientiae.

386 2359 548 2447 Myth.11
572 2367 651 2448 24,10
823 2364 825 2421 i
999 2364 1142 2448 Myth.1
1168 2368 1273 2457 lllpz¹

283 2486 397 2554 Prima
421 2500 475 2555 est
491 2488 565 2557 Clio
587 2490 686 2576 quasi
704 2490 798 2574 eogi-
824 2458 826 2579 ἰ
899 2487 974 2556 Clio
998 2489 1033 2553 id
1057 2500 1114 2568 θεῖ
1138 2503 1295 2593 cognitio
1317 2533 1419 2595 quae-

236 2593 325 2660 tatio
348 2594 461 2679 prima
485 2593 650 2662 discendi.
824 2582 827 2677 l
854 2594 986 2675 rendae
1010 2604 1185 2679 scientiae,

235 2753 510 2822 conferentibus
526 2757 629 2825 nobis
647 2759 830 2855 utriusque
848 2771 1102 2858 Mythographi
1119 2775 1255 2839 fabulas
1272 2776 1417 2841 secundi

234 2861 425 2929 consilium
455 2888 495 2930 ae
524 2866 684 2938 studium
713 2875 901 2962 supplendi
930 2877 1082 2966 primum
1113 2892 1149 2947 et
1176 2880 1416 2970 amplificandi

234 2965 274 3034 in
299 2972 419 3037 oculos
444 2971 599 3042 incurrit
647 2980 745 3047 Alias
770 2983 865 3052 enim
890 2987 1076 3055 nominum
1100 2987 1329 3057 enodationes
1359 2992 1414 3056 vel

236 3077 475 3164 etymologias
499 3103 540 3146 ac
563 3084 699 3169 primus
724 3112 829 3177 saepe
854 3095 965 3179 Myth.
983 3098 1018 3161 Il
1044 3097 1156 3181 affert,
1181 3095 1304 3165 veluti:

383 3224 493 3301 Myth.
512 3227 547 3290 II
573 3232 649 3312 lopo
829 3254 831 3333 ᾗ
1004 3247 1115 3334 Myth.
1134 3251 1148 3311 Ι
1175 3255 1275 3335 roms

178 3370 182 3375 ·
282 3347 390 3411 Hunc
429 3359 465 3413 et
503 3352 635 3420 Orcum
674 3355 798 3427 dieunt
826 3378 830 3465 l
903 3368 1010 3433 Hunc
1039 3368 1097 3435 alii
1127 3374 1258 3440 Orcum
1287 3397 1418 3448 vocant

236 3450 335 3566 guasi
372 3452 555 3540 iurantem,
590 3483 635 3526 ne
670 3462 797 3550 aliquis
825 3470 829 3575 J
855 3471 1415 3571 quasireceptoremmortuorum,

236 3559 432 3643 impunitus
456 3563 567 3636 abeat.
824 3608 827 3671 g
854 3575 936 3661 quia
953 3582 1105 3648 tenebris
1122 3584 1282 3654 abditum
1295 3590 1414 3663 inferis

232 3677 235 3685 ’
823 3718 825 3723 -
852 3703 1013 3767 praeesse
1037 3690 1189 3759 tradunt.

234 3824 333 4001 {tllgm
359 3829 452 3898 cadit
482 3831 517 3898 in
542 3837 608 3903 fab.
635 3843 799 3924 l9,1o—r⁴,
829 3864 934 3929 quam
965 3853 1124 3919 conferas
1152 3879 1231 3923 cum
1262 3864 1371 3946 Myth.
1395 3870 1411 3931 Ι

300 3957 423 4014 ‚rr—ao.

341 4045 424 4109 Huc
441 4044 476 4111 id
497 4071 637 4138 quoque
651 4053 814 4141 pertinet,
850 4063 944 4145 quod
964 4066 1073 4150 Myth.
1088 4071 1123 4135 11
1141 4094 1408 4163 nonnumquam

231 4146 276 4212 de
292 4150 416 4217 eadem
433 4174 470 4218 re
487 4158 543 4222 vel
560 4180 711 4244 persona
728 4162 797 4230 alia
813 4189 855 4233 ac
869 4171 979 4254 Myth.
993 4176 1010 4238 1
1026 4189 1155 4261 narrat,
1173 4193 1213 4248 ut
1228 4181 1264 4249 in
1281 4184 1347 4251 lab.
1365 4190 1407 4250 55

230 4253 275 4319 de
291 4255 363 4320 Oto
379 4268 415 4322 et
432 4259 606 4348 Ephialte,
630 4290 722 4353 quae
738 4272 783 4336 ad
806 4274 912 4342 schol.
930 4277 1040 4347 Theb.
1057 4286 1091 4348 X
1117 4290 1181 4351 850
1204 4291 1303 4373 redit,
1328 4314 1407 4360 cum
