3367 4867
794 1042 954 1146 Caput
981 1043 1020 1122 ll.

499 1243 550 1312 De
573 1241 750 1323 lontibus,
773 1239 834 1324 qul
859 1243 1016 1309 aetatem
1039 1255 1116 1310 non
1139 1240 1311 1310 tulerunt

629 1398 728 1455 Α.1)ο
747 1397 971 1454 commentariis
990 1398 1181 1470 Verglllanls.

427 1508 484 1578 Ex
506 1504 691 1596 permultis
715 1504 975 1572 commentariis
991 1505 1036 1572 ad
1052 1503 1200 1592 Vergilii
1217 1504 1373 1573 carmina
1389 1505 1502 1574 inter·

319 1615 490 1702 pretanda
529 1611 734 1699 conscriptis
772 1612 876 1700 pauci
915 1622 1067 1679 aetatem
1106 1612 1271 1679 tulerunt
1330 1614 1428 1697 Quos
1463 1612 1495 1680 si

319 1720 517 1788 accuratius
550 1718 748 1802 contuleris,
779 1718 1010 1786 manifestum
1039 1717 1133 1785 inter
1164 1741 1223 1785 eos
1251 1719 1497 1808 deprehendes

320 1849 539 1911 consensum,
577 1826 629 1893 ita
666 1837 707 1894 ut
737 1825 888 1913 Vergilii
928 1835 1221 1893 commentatores
1259 1827 1303 1892 ad
1343 1829 1495 1894 eandem

318 1934 487 2002 librorum
526 1933 754 2022 antiquorum
792 1932 1040 2001 auctoritatem
1078 1955 1117 1999 se
1156 1932 1351 2021 applicasse
1388 1934 1497 2002 liceat

320 2043 534 2109 concludere.
559 2040 562 2044 ⁴
581 2041 729 2118 Librum
752 2041 952 2107 fabularum
975 2040 1152 2127 quendam
1177 2039 1337 2108 extitisse
1351 2040 1494 2108 ThiloI

319 2152 424 2237 praef.
441 2152 560 2223 LXVI
576 2147 786 2234 suspicatur:
803 2151 964 2231 „Praeter
977 2148 1043 2213 hos
1059 2146 1166 2214 libros
1181 2147 1381 2214 fabularum
1395 2150 1499 2215 volu-

317 2278 400 2322 men
417 2254 568 2342 aliquod,
588 2257 683 2341 quod
699 2276 771 2320 non
787 2252 860 2319 iam
874 2264 981 2336 extat,
997 2254 1043 2320 ad
1059 2255 1265 2341 augendum
1280 2254 1494 2323 Servianum

320 2360 611 2429 commentarium
634 2362 678 2427 ab
702 2359 763 2427 illo
786 2358 986 2427 adhibitum
1009 2383 1086 2427 esse
1108 2361 1289 2450 probabile
1311 2365 1389 2428 est'’
1435 2364 1495 2429 Ad

319 2470 407 2537 tales
431 2468 701 2536 commentarios
716 2466 942 2557 Vergilianus
966 2467 1072 2534 hodie
1095 2490 1166 2535 non
1191 2467 1262 2535 iam
1286 2468 1494 2558 superstites

318 2577 415 2655 haud
424 2574 592 2664 exiguam
604 2574 857 2663 Mythographi
870 2572 982 2642 nostri
992 2576 1191 2642 fabularum
1202 2586 1339 2661 partem
1351 2587 1498 2664 propter

317 2683 540 2773 perspicuam
556 2706 636 2751 cum
647 2682 827 2751 Danielini
839 2681 963 2766 Servii,
980 2680 1200 2768 Philargyrii,
1214 2682 1326 2766 Probi,
1343 2682 1493 2750 aliomm

287 2772 293 2785 ⁸
319 2789 579 2859 commentariis
607 2790 877 2858 similitudinem
904 2790 1138 2857 revocandam
1162 2810 1238 2855 esse
1261 2801 1381 2874 patere
1402 2788 1493 2855 mihi

317 2896 465 2963 videtur.
513 2900 589 2962 Iam
612 2897 694 2964 vide
717 2899 781 2963 has
804 2896 955 2963 fabulas:

478 3077 541 3140 lab.
562 3080 697 3151 lus-22
723 3072 760 3138 in
784 3072 931 3161 antiquo
947 3072 1036 3141 libro
1052 3075 1316 3162 mythographo
1332 3072 1494 3142 extitisse

317 3178 466 3262 videtur,
505 3202 549 3245 ex
577 3200 647 3265 quo
674 3180 780 3249 schol.
806 3182 890 3251 Luc
920 3190 956 3246 et
985 3180 1131 3248 Servius
1164 3180 1372 3264 hauserunt;
1407 3203 1493 3249 nam

319 3288 358 3357 cf.
376 3287 481 3354 schol.
504 3289 587 3359 Luc.
605 3289 657 3355 IV
676 3290 751 3353 110:
786 3284 875 3356 Tres
897 3288 1041 3353 luerunt
1064 3286 1129 3353 filii
1149 3286 1308 3372 Satumi;
1332 3286 1495 3376 Iuppiter

317 3392 474 3483 possedit
498 3394 635 3460 coelum
657 3403 796 3477 sortem,
819 3397 1010 3480 Neptunus
1033 3415 1142 3478 mare,
1166 3404 1203 3461 et
1223 3395 1293 3461 hoc
1312 3404 1414 3462 notat
1428 3418 1493 3483 per

317 3501 393 3585 hoc,
432 3503 525 3588 quod
560 3499 646 3567 dicit
676 3503 830 3569 secunda
858 3512 958 3569 sorte
1014 3502 1117 3567 Pluto
1144 3502 1301 3587 possedit
1330 3501 1493 3572 inferum.

317 3609 367 3681 Et
393 3610 482 3677 alter
510 3608 582 3674 cod.
608 3609 732 3677 Berol.:
772 3607 861 3675 Tres
889 3607 984 3674 enim
1012 3610 1137 3676 iratres
1164 3611 1316 3692 iuemnt,
1349 3608 1419 3695 qui,
1449 3620 1493 3678 ut

317 3715 457 3782 fabulae
488 3716 615 3799 lerunt,
652 3714 850 3782 diviserunt
881 3714 947 3781 sibi
977 3715 1070 3782 orbis
1098 3714 1293 3802 imperium,
1331 3714 1492 3804 Iuppiter

317 3823 508 3908 Neptunus
543 3832 579 3888 et
613 3823 724 3889 Pluto.
779 3824 935 3908 Ideoque
970 3821 1097 3888 dicitnr
1132 3834 1262 3889 sortem
1297 3823 1491 3890 secundam

316 3930 508 4016 Neptunus
536 3939 663 4013 tenere,
691 3929 774 4015 quia
801 3951 914 4016 aquae
942 3927 1128 3997 viciniores
1155 3940 1240 3996 sunt
1263 3930 1359 3997 coelo
1383 3951 1492 4017 quam

318 4045 417 4120 terra,
442 4059 462 4102 a
485 4058 555 4123 qua
578 4035 812 4103 continentur.
859 4036 954 4104 Serv.
971 4039 1031 4103 Ae.
1048 4041 1083 4102 X
1099 4042 1154 4104 40:
1182 4059 1267 4105 nam
1282 4059 1345 4124 per
1359 4047 1492 4104 sortem

315 4141 409 4210 inter
432 4165 469 4210 se
492 4145 616 4210 fratres
638 4141 763 4209 mundi
786 4164 898 4230 regna
921 4142 1126 4211 diviserunt.

422 4276 454 4317 v.
475 4255 513 4316 19
537 4251 630 4317 unde
652 4256 689 4317 ct
711 4256 779 4318 tres
790 4251 926 4337 fratres
949 4253 990 4319 V.
