3367 4867
759 335 983 403 ..66-

448 555 517 617 fab.
535 551 618 634 l9po
644 551 683 616 cf.
709 548 790 616 Isid.
815 551 1046 634 0r.11157,1.

397 700 427 742 v.
446 680 550 740 8-11
580 676 619 741 cf.
645 674 725 741 Isid.
751 676 808 743 Or.
825 677 914 743 VIII
943 679 991 757 11,
1016 679 1066 741 54.

395 806 427 848 v.
446 787 464 847 8
488 784 554 848 Sol
573 787 687 848 autem
712 781 840 847 dicitur
863 782 964 868 quari
984 782 1134 868 ephebus.
1182 785 1238 849 Ita
1263 781 1471 868 Mythogra-

283 889 381 975 phus
405 887 613 975 neutiquam
636 886 783 974 scripsit,
807 888 901 974 quod
926 897 1102 955 testantur
1130 888 1228 955 codd.
1254 890 1286 953 R
1311 890 1358 956 V:
1404 888 1467 956 Sol

289 1005 409 1062 autem
432 994 561 1062 dicitur
583 995 683 1082 quasi
707 996 803 1061 solus
832 1017 876 1061 ex
899 992 1089 1062 Titanibus
1113 1005 1236 1062 contra
1259 995 1344 1061 deos
1368 1016 1468 1061 arma

289 1123 360 1169 non
392 1102 621 1170 commoverit
656 1103 846 1189 (commovit
883 1103 935 1188 V).
1003 1104 1165 1170 Phoebus
1199 1100 1328 1169 dicitur
1366 1101 1467 1188 qnasi

290 1208 456 1296 ephebus.

396 1341 427 1383 v.
449 1320 488 1381 10
513 1317 693 1404 Propicz'us
711 1319 759 1399 V;
784 1315 820 1381 in
845 1337 955 1401 marg.
982 1316 1071 1381 altor
1087 1316 1240 1402 phitius3
1264 1336 1393 1382 manus
1417 1337 1469 1382 re-

291 1422 425 1490 centior
448 1422 484 1489 in
508 1446 617 1509 marg.
637 1423 787 1509 phytius.

449 1570 518 1634 fab.
534 1569 695 1643 25‚rs-2⁶
724 1566 770 1632 ad
798 1567 946 1632 verbum
974 1567 1045 1632 fere
1074 1563 1251 1632 consentit
1279 1586 1359 1632 curn
1384 1564 1467 1633 Isid.

291 1673 347 1740 Or.
365 1674 453 1740 VIII
483 1677 530 1755 ll,
555 1675 693 1737 56—58.

398 1804 428 1845 v.
446 1784 488 1845 20
514 1779 595 1847 Isid.
621 1790 656 1846 et
679 1782 712 1848 V
736 1802 772 1845 oo
795 1778 973 1846 omittunt

397 1911 428 1953 v.
446 1892 484 1951 21
500 1888 662 1974 fingitur
683 1898 776 1954 recte
791 1890 833 1970 V,
845 1887 1020 1973 frangitur
1042 1889 1082 1951 R.

396 2018 428 2060 v.
446 1998 487 2059 25
513 1995 601 2061 iacet
622 1994 761 2059 cohmis
776 1996 809 2062 V
832 2016 895 2081 pro
920 1993 1003 2059 iacit
1025 1994 1174 2059 calamos.

397 2125 429 2167 v.
447 2104 489 2166 26
513 2103 546 2169 V
569 2098 689 2189 inepte
711 2100 880 2165 Plutonia
904 2105 938 2166 ot
958 2102 1048 2164 Iuno
1063 2121 1126 2188 pro
1141 2099 1311 2164 Plutonia
1327 2100 1463 2166 coniux.

451 2245 518 2309 fab.
536 2245 579 2307 29
603 2262 647 2306 ex
671 2239 752 2306 Isid.
778 2241 835 2308 Or.
853 2244 942 2308 VIII
972 2245 1019 2324 11,
1044 2245 1183 2307 50-52.

397 2391 428 2433 v.
445 2363 489 2431 20
513 2387 585 2431 non
610 2366 702 2430 bene
726 2363 806 2431 Isid.
832 2367 912 2451 quio
930 2373 996 2451 por
1018 2366 1107 2432 vz'ros
1124 2371 1314 2453 pugnatur.

400 2498 431 2540 v.
450 2476 492 2538 22
516 2470 646 2538 Nescio
674 2493 743 2558 qua
770 2472 815 2538 de
839 2494 945 2538 causa
969 2470 1101 2539 Bodius
1129 2472 1165 2538 in
1190 2482 1291 2539 textu
1316 2495 1340 2537 o
1362 2479 1470 2539 morte

294 2584 395 2648 Mors
418 2577 583 2667 posuerit,
608 2600 689 2644 curn
713 2581 780 2647 RV
804 2580 837 2665 (o
854 2561 957 2666 porte
979 2580 1127 2666 morsV)
1150 2590 1187 2646 et
1210 2577 1290 2645 Isid.
1314 2601 1336 2645 a
1350 2580 1470 2645 Morte

292 2711 381 2755 mors
397 2686 596 2769 exhibeant
621 2697 657 2752 et
673 2683 804 2752 Bodius
828 2684 904 2772 ipse
927 2707 958 2772 p.
977 2691 1018 2751 82
1043 2687 1189 2752 adnotet
1211 2709 1233 2751 o
1248 2687 1364 2753 Morte
1381 2708 1469 2752 mors

292 2796 483 2881 legendum
508 2815 585 2859 esse
609 2814 688 2857 cunr
713 2791 857 2859 Isidoro.

399 2925 430 2966 v.
448 2899 491 2965 24
516 2898 597 2965 Isid.
622 2908 658 2964 et
682 2901 714 2965 V
736 2922 772 2964 se
795 2901 937 2986 quosque
960 2922 1023 2987 pro
1048 2901 1188 2986 quisquo
1210 2923 1254 2967 se.

400 3030 431 3071 v.
449 3010 490 3069 25
515 3005 627 3070 coedis
651 3006 692 3087 R,
721 3006 832 3070 cordis
855 3008 887 3074 V
916 3016 952 3072 et
976 3005 1056 3073 Isid.
1080 3004 1216 3091 melius,
1244 3006 1327 3094 quia
1349 3005 1471 3095 priori·

292 3114 359 3178 bns
383 3110 499 3177 verbis
523 3112 616 3176 oudo
639 3131 717 3175 vero
733 3117 870 3197 pectore
891 3117 962 3176 stat
981 3112 1097 3199 magis
1120 3114 1337 3201 respondeat

453 3257 521 3321 fab.
538 3258 698 3330 37,1ο-1ο
724 3254 764 3320 cf.
789 3251 870 3319 Isid.
896 3254 953 3321 Or.
970 3257 1096 3322 XVIII
1121 3259 1172 3339 34,
1200 3261 1231 3322 1:

402 3376 657 3450 Erichthonius
688 3388 816 3460 autem,
853 3375 913 3464 qui
942 3378 1107 3464 regnavit
1138 3380 1298 3464 Athenis,
1333 3378 1469 3468 primns

295 3498 462 3575 quattuor
485 3508 593 3572 equos
618 3483 775 3551 iunxisse
799 3486 917 3568 fertur,
951 3484 1043 3552 sicut
1066 3485 1246 3572 Vergilius
1270 3497 1470 3556 auctorest

296 3593 429 3661 dicens:
1253 3651 1256 3656 ,

403 3698 540 3765 Primus
564 3697 819 3768 Erichthonius
844 3721 965 3764 currus
990 3710 1026 3765 et
1049 3710 1216 3787 quattuor
1239 3723 1346 3768 ausus

401 3804 549 3890 iungere
572 3827 681 3891 equos
705 3804 907 3892 rapidisque
930 3805 1017 3872 rotis
1041 3804 1203 3874 insistere
1225 3807 1346 3876 victor.

454 3951 522 4014 tab.
539 3951 700 4024 42‚rs—u
726 3949 765 4012 cf.
792 3945 873 4013 Isid.
898 3947 956 4014 Or.
973 3949 1062 4015 VIII
1090 3954 1138 4031 11,
1163 3953 1221 4014 45:

403 4070 615 4137 Mercurium
639 4092 835 4136 sermonem
852 4070 1135 4158 interpretantur.
1175 4076 1269 4139 Nam
1284 4073 1364 4139 ideo
1381 4076 1471 4139 Mer-

295 4178 413 4248 curius
432 4177 531 4265 quasi
548 4178 687 4244 medius
711 4199 854 4243 currens
870 4177 1000 4243 dicitur
1015 4180 1221 4265 appellatus,
1245 4180 1339 4267 quod
1354 4200 1470 4246 sermo

296 4296 412 4356 currat
435 4284 527 4351 inter
549 4284 712 4352 homines
734 4285 881 4352 medius.
1033 4288 1037 4293 ’
