3367 4867
709 288 955 349 ...109—

248 500 342 588 apud
371 499 478 567 schol.
508 502 606 570 Luc:
644 499 741 586 Argo
775 509 830 565 est
862 495 1013 584 spoliata
1047 506 1204 563 extrema
1227 506 1327 582 parte
1359 492 1425 577 sui,

248 626 329 675 cum
353 608 457 674 lason
493 604 560 673 iret
590 627 654 692 pro
677 627 784 674 aureo
812 606 949 672 vellere.
990 602 1038 673 Et
1071 601 1151 670 ideo
1186 599 1336 689 spoliata
1369 611 1426 669 est

248 735 375 802 puppe,
399 711 482 800 quia
504 713 610 780 tellus
633 710 829 799 indignata,
846 710 940 798 quod
961 708 1148 777 videbatur
1163 707 1304 792 dimitti,
1326 705 1425 777 misit

250 820 409 905 Cyaneas
432 829 553 887 cautes
576 818 613 884 iu
637 840 797 906 aequora.
843 818 1055 906 Symplegas
1083 827 1139 883 est
1160 813 1342 906 proprium
1363 836 1426 882 no·

248 947 329 995 men
353 924 449 993 illius
472 923 608 1015 lapidis,
632 946 737 1012 quem
759 936 851 992 terra
873 922 971 991 misit
986 924 1031 993 ad
1047 923 1298 992 destruendam
1314 924 1423 1009 Argo,

249 1042 285 1102 et
307 1044 392 1101 sunt
415 1033 459 1100 de
482 1033 549 1101 hac
574 1055 611 1099 rc
634 1031 793 1100 diversae
815 1032 963 1099 fabulae.
1011 1031 1060 1099 Cf.
1083 1029 1190 1119 etiam
1215 1033 1310 1117 Hyg.
1332 1031 1424 1098 Astr.

249 1142 285 1205 11
310 1143 352 1206 37
376 1151 412 1206 et
434 1140 502 1207 lab.
522 1144 609 1229 llp.
628 1144 677 1205 49.

408 1344 472 1407 lab.
494 1342 672 1417 loun-is
691 1342 736 1407 ad
753 1346 901 1408 verbum
918 1343 990 1407 lere
1006 1362 1087 1407 cum
1105 1341 1199 1425 Hyg.
1216 1338 1307 1403 Astr.
1325 1337 1361 1401 II
1383 1340 1424 1401 14

250 1449 341 1532 ρ.,50
365 1446 537 1534 congruit.

355 1595 386 1639 v.
407 1576 445 1637 12
469 1573 633 1659 Sagarim
661 1575 703 1654 R,
738 1573 953 1659 Sangarium
982 1572 1121 1640 Bodius
1177 1572 1327 1638 Flumen
1362 1569 1426 1638 Su·

250 1675 345 1764 garis
369 1680 414 1746 ab
431 1681 526 1765 Hyg.
544 1676 646 1746 Ovid.
667 1700 712 1744 ex
734 1690 845 1768 ponto
869 1682 921 1747 IV
940 1684 989 1762 10,
1005 1684 1056 1746 47.
1074 1683 1175 1746 Mart
1192 1678 1273 1765 Cap.
1290 1679 1341 1745 VI
1358 1680 1423 1743 687

249 1806 279 1869 p.
298 1788 402 1867 237,2o
425 1786 527 1871 Eyss.
548 1796 703 1868 vocatur,
727 1784 924 1871 Sangarius
948 1809 969 1852 a
993 1785 1096 1856 Livio
1110 1787 1307 1853 XXXVIII
1329 1789 1377 1866 18,
1394 1789 1424 1850 8.

409 1986 473 2049 fab.
501 1986 681 2060 loun-19
721 1980 899 2049 simillime
942 1992 1140 2048 enarratam
1186 1980 1280 2067 apud
1327 1982 1425 2069 Hyg.

250 2090 340 2157 Astr.
359 2093 394 2156 Il
419 2093 439 2155 3
464 2111 495 2175 p.
513 2093 554 2156 33
579 2088 740 2177 legimus,
764 2087 833 2156 nisi
857 2088 950 2176 quod
978 2113 1008 2155 v.
1037 2093 1076 2154 17
1102 2084 1341 2174 Hesperidum
1362 2109 1427 2154 no-

249 2192 347 2261 mina
373 2206 410 2261 et
437 2219 467 2261 v.
497 2200 535 2260 18
557 2198 765 2284 pervigilem
793 2198 838 2264 ab
868 2199 963 2283 Hyg.
988 2196 1127 2264 absunt.
1175 2197 1275 2261 Haec
1303 2204 1424 2269 autem

249 2299 286 2367 in
311 2301 380 2367 sch.
405 2299 470 2367 Th.
489 2305 524 2368 11
550 2307 614 2369 280
645 2304 689 2370 ad
714 2305 842 2371 lemma
866 2304 938 2369 Hic
949 2304 1072 2390 flebile
1095 2324 1238 2389 germen
1262 2302 1425 2388 Hespen'·

250 2410 331 2473 dum
360 2406 578 2477 invenimus:
614 2410 651 2477 in
679 2409 870 2498 Aethiopia
899 2408 1196 2497 speciosissimum
1225 2407 1423 2497 pomarium

248 2514 405 2582 Atlantis
432 2514 509 2599 luit,
537 2515 574 2582 in
603 2537 673 2602 quo
701 2519 938 2584 nascebantur
967 2519 1062 2583 mala
1090 2539 1206 2600 aurea,
1234 2538 1324 2603 quae
1352 2519 1425 2583 He

249 2620 404 2708 sperides
432 2620 679 2688 custodiebant
709 2624 829 2708 Aegle,
866 2622 1051 2703 Erethusa,
1088 2623 1353 2710 Hesperethusa
1388 2632 1426 2690 et

251 2729 356 2795 draco
379 2725 538 2814 pervigil.

713 3033 743 3089 b.
762 3032 806 3090 De
826 3033 957 3090 Fabulis.

357 3193 546 3260 Auctorem
562 3205 677 3261 totum
692 3217 737 3261 ex
753 3193 900 3263 Graecis
915 3197 1069 3283 pendere
1084 3207 1191 3283 atque
1207 3194 1325 3261 omnia
1342 3197 1422 3277 fere,

251 3321 341 3385 quae
357 3321 438 3366 cum
453 3299 681 3387 scriptoribus
705 3301 877 3369 Romanis
894 3302 1104 3392 conspirent,
1119 3301 1332 3387 interpolata
1347 3321 1426 3367 esse

251 3404 384 3490 primus
409 3410 454 3472 Μ.
478 3405 669 3476 Schmidt
691 3408 783 3496 (edit.
808 3431 839 3495 p.
857 3410 975 3496 XXX)
999 3406 1174 3497 probavit3
1204 3404 1316 3473 secuti
1339 3416 1425 3474 sunt

252 3534 332 3578 eum
369 3514 571 3601 Robert¹)‚
607 3516 784 3602 Bethe2),
815 3514 1137 3601 Wilamowitffi),
1172 3515 1211 3580 A.
1235 3512 1422 3599 Werth⁴).

252 3621 360 3686 Haud
383 3642 515 3709 paucas
545 3620 683 3707 Hygini
706 3622 846 3688 fabulas
869 3620 905 3686 in
929 3620 1088 3688 libellum
1113 3619 1366 3708 Mythographi
1383 3622 1419 3685 II

252 3726 442 3794 defluxisse
459 3731 503 3794 M.
520 3728 682 3796 Schmidt
705 3726 798 3808 (edit.
821 3750 853 3814 p.
871 3731 1020 3808 XLVII)
1045 3725 1154 3794 nullis
1177 3738 1295 3794 tamen
1319 3748 1423 3814 argu-

363 3893 387 3970 1)
411 3892 491 3951 Erat.
514 3892 581 3955 Cat.
606 3895 659 3950 rel.
682 3914 712 3969 p.
732 3893 770 3953 15
795 3902 827 3951 et
850 3894 981 3952 Hermes
1004 3894 1104 3951 XVIII
1127 3915 1156 3971 p.
1173 3895 1248 3957 436.

360 3976 388 4063 ²)
410 3982 537 4050 Quaest.
561 3982 652 4040 Diod.
675 3984 821 4058 mythogr.
845 4003 874 4059 p.
891 3982 943 4043 98.

361 4070 388 4147 ³)
411 4070 517 4146 lsyllos
540 4091 566 4128 v.
589 4071 767 4148 Epidauros,
791 4073 821 4129 in
845 4072 918 4130 Phil.
941 4073 1013 4131 Unt.
1029 4071 1072 4129 IX
1094 4093 1124 4148 p.
1140 4073 1192 4135 49.

360 4155 388 4242 ⁴)
411 4160 569 4218 Animadv.
585 4160 625 4218 ad
648 4160 723 4238 Hyg.
745 4160 806 4218 sab.
830 4161 861 4218 in
885 4161 994 4220 Sched.
1016 4162 1087 4237 phil.
1112 4161 1151 4219 H.
1168 4162 1304 4222 Usenero
1329 4165 1424 4221 oblat.

251 4248 337 4306 Boon
363 4247 444 4309 1891
471 4269 502 4324 p.
524 4247 594 4308 112.
