3367 4867
688 294 931 354 -147-

219 502 304 570 tatis
321 504 514 585 thesauros,
528 501 636 568 libros
651 524 760 568 manu
778 500 926 587 scriptos
946 511 1131 588 poetarum
1147 502 1399 581 Romanorum,

221 607 392 696 imprimis
408 607 558 695 Vergilii
574 606 732 674 Aeneida
756 619 792 675 et
807 605 928 674 Ovidii
945 606 1255 692 Metamorphoses,
1279 626 1399 672 secum

219 727 400 802 portantes
433 716 469 781 in
500 727 628 782 terram
663 712 904 781 continentem
935 715 1178 800 profugemnt.
1238 714 1398 796 Quorum

220 821 346 889 studiis
378 821 562 908 ingentem
591 818 921 887 commentariorum
950 843 991 886 ac
1019 819 1232 887 scholiorum
1261 818 1398 906 copiam

194 973 195 976 =
221 929 341 1015 pueris
355 927 543 996 Germanis
567 939 602 995 et
618 926 732 995 Gallis
748 926 951 993 erudiendis
968 925 1202 1014 conscriptam
1221 927 1398 1008 debemus,

221 1031 257 1101 et
279 1047 439 1102 nostrum
469 1057 608 1123 quoque
635 1034 793 1101 libellum
821 1034 1021 1100 fabularum
1045 1056 1064 1099 e
1088 1032 1149 1100 tali
1180 1034 1299 1100 schola
1322 1054 1399 1118 pro-

220 1144 352 1208 fectum
381 1165 457 1208 esse
486 1142 686 1227 talibusque
713 1143 817 1207 rebus
853 1139 1041 1207 inservisse
1069 1141 1173 1206 valde
1206 1138 1294 1205 mihi
1323 1162 1399 1224 pro·
1432 1180 1435 1184 -

220 1249 337 1315 babile
361 1260 423 1316 est.

327 1359 466 1422 Nomen
484 1354 738 1442 Mythographi
751 1359 787 1421 Il
809 1356 994 1421 enucleare
1010 1353 1081 1419 iam
1101 1355 1140 1418 A.
1161 1352 1233 1419 Mai
1251 1363 1399 1418 conatus

221 1473 282 1529 est
330 1461 425 1546 Quin
449 1461 657 1533 Lactantius
675 1460 837 1528 Placidus
854 1459 1013 1548 opusculi
1029 1457 1261 1546 mythologici
1278 1469 1400 1525 auctor

221 1580 313 1635 esset
329 1566 483 1634 dubitari
500 1590 573 1633 non
592 1590 703 1654 posse,
724 1590 807 1634 nam
825 1566 917 1634 inter
933 1565 1111 1640 Lactantii
1129 1563 1399 1633 commentarios

221 1676 266 1740 ad
301 1673 407 1743 Statii
442 1685 606 1762 poemata
642 1684 677 1740 et
706 1675 988 1760 Mythgraphum
1018 1678 1053 1738 ll
1082 1697 1153 1739 non
1183 1675 1297 1740 solum
1325 1694 1399 1758 per·

221 1802 393 1866 magnam
417 1803 493 1847 esse
516 1779 795 1865 similitudinem,
819 1781 881 1847 sed
905 1803 1009 1867 saepe
1033 1781 1181 1846 eandem
1206 1801 1279 1845 rem
1303 1779 1398 1866 (Bod.

219 1887 325 1972 praef.
349 1908 383 1972 p.
395 1888 492 1974 VIl);
516 1899 697 1972 praeterea
712 1899 902 1973 utrumque
917 1886 1025 1952 nullis
1042 1884 1181 1972 saepius
1198 1883 1399 1952 auctoribus

221 2015 326 2058 usum
357 2016 433 2061 esse
468 2015 573 2078 quam
603 1992 761 2079 Vergilio
797 1993 947 2060 Horatio
983 1997 1135 2064 Lucano.
1183 1993 1253 2060 Sed
1286 1989 1397 2057 addit:

224 2103 313 2165 Rem
345 2121 442 2164 nunc
473 2097 644 2184 prolixius
675 2121 801 2185 urgere
831 2122 903 2166 non
939 2098 1033 2166 libet
1081 2101 1197 2182 Quam
1233 2097 1399 2165 inanibus

223 2203 443 2291 argumentis
475 2207 563 2271 haec
592 2203 676 2271 Maii
694 2270 697 2277 ,
712 2205 865 2292 suspicio
900 2205 1133 2274 sustineretur
1168 2205 1238 2271 iam
1268 2203 1399 2272 Bodius

222 2311 313 2377 vidit
336 2313 454 2397 (praef.
479 2334 510 2397 p.
526 2314 655 2401 XVII),
679 2312 739 2399 qui
763 2314 851 2381 haec
875 2312 993 2380 omnia
1014 2335 1104 2399 quae
1122 2313 1237 2379 Maius
1252 2311 1401 2400 protulit

155 2453 157 2457 ·
220 2420 334 2484 multo
372 2417 499 2485 melius
538 2420 582 2485 ad
623 2419 928 2506 Mythographum
957 2424 973 2483 Ι
1013 2421 1183 2505 quadrare
1222 2443 1285 2486 suo
1325 2420 1400 2485 iure

219 2524 367 2590 monuit.
415 2528 540 2610 Neque
576 2522 769 2609 quidquam
802 2547 882 2589 mea
909 2523 1052 2608 quidem
1080 2523 1257 2591 sententia
1286 2549 1330 2591 ex
1358 2549 1400 2591 ea

221 2652 258 2695 re
294 2631 503 2695 concludere
537 2627 628 2711 licet,
663 2629 757 2714 quod
792 2628 828 2694 in
863 2629 935 2693 cod.
964 2628 1232 2696 Vindobonensi
1263 2630 1399 2715 Mytho-

222 2734 349 2821 graphi
378 2738 413 2800 Il
453 2732 582 2800 fabulis
618 2732 796 2805 Lactantii
837 2733 967 2800 Placidi
1005 2747 1168 2822 excerpta
1201 2759 1245 2802 ex
1279 2735 1398 2803 Ovidii

222 2841 552 2927 Metamorphoseon
592 2838 689 2907 libris
728 2841 930 2924 adhaerent,
969 2852 1004 2907 et
1024 2839 1077 2907 'in
1118 2844 1242 2910 eodem
1281 2840 1400 2909 codice

220 2958 342 3014 nostro
372 2948 635 3035 Mythographo
669 2969 757 3033 opus
789 2945 967 3018 Lactantii
1000 2946 1169 3015 Finniani
1201 2948 1399 3036 praefixum

221 3064 282 3120 est.
330 3056 425 3120 Nam
448 3052 601 3141 primum
626 3053 896 3123 commentarios
918 3053 1101 3124 Statianos
1118 3066 1154 3123 et
1169 3055 1399 3123 Narrationes

222 3181 312 3245 quae
351 3157 517 3227 dicuntur
555 3160 771 3227 Fabularum
810 3159 1067 3229 Ovidianarum
1105 3162 1221 3231 eidem
1264 3162 1398 3231 auctori

222 3265 410 3339 Lactantio
444 3265 584 3333 Placido
620 3266 825 3335 tribuendas
858 3292 934 3335 esse
969 3269 1113 3336 omnino
1147 3293 1217 3337 non
1247 3287 1397 3358 constat3

221 3373 350 3441 deinde
366 3373 458 3440 inter
474 3375 651 3446 Lactantii
669 3376 838 3443 Firmiani
857 3377 970 3444 Instit.
989 3377 1067 3444 Div.
1082 3377 1264 3446 librosVlI
1282 3390 1317 3446 et
1334 3382 1400 3448 Fa-

220 3479 397 3547 bularium
414 3491 576 3547 nostrum
592 3481 770 3569 poeticum
787 3483 869 3549 inde
885 3507 905 3549 a
922 3486 977 3550 fol.
997 3489 1169 3551 179-213
1186 3485 1397 3553 Tertulliani

221 3585 478 3675 Apologeticus
492 3586 721 3676 interpositus
737 3600 798 3656 est.
831 3591 893 3655 'Ad
910 3601 1050 3676 tempus
1066 3588 1185 3677 igitur,
1198 3594 1312 3677 quoad
1329 3593 1398 3659 alia

223 3692 379 3761 subsidia
402 3705 543 3781 praesto
566 3716 638 3761 non
664 3705 755 3778 sunt,
787 3695 906 3783 ecquis
928 3694 1036 3763 fuerit
1060 3698 1344 3785 Mythographus
1361 3702 1395 3764 ll

222 3808 258 3864 et
296 3820 403 3884 quam
441 3801 477 3867 in
517 3812 672 3869 aetatem
711 3799 853 3885 incidat,
891 3800 927 3868 in
972 3802 1088 3871 medio
1127 3801 1397 3892 relinquendum

220 3901 324 3971 nobis
348 3915 409 3971 est.

753 4142 915 4149 -.Μ
