3367 4867
687 350 937 411 -139-

976 558 1087 643 Myth.
1100 560 1135 624 II
1180 560 1311 622 78-80

1160 668 1222 730 132

1068 783 1070 785 ’
1163 774 1233 835 106.
1259 773 1321 836 107

1161 882 1222 943 102

1180 990 1222 1051 28

1162 1097 1219 1157 131

1161 1202 1222 1265 130

1181 1310 1219 1371 81

1158 1418 1222 1479 218

224 559 327 648 Fulg.
345 550 381 625 11
409 565 448 626 12
472 560 653 646 Dionysus

405 672 443 734 13
468 664 566 739 L'eda
590 678 627 734 et
650 688 787 753 cygnus

407 780 447 839 14
471 773 574 840 Ixion

406 886 445 947 15
469 880 645 948 Tantalus
769 882 773 887 ’

406 992 445 1053 16
470 985 674 1073 Endymion
698 997 734 1055 et
757 991 863 1059 Luna

227 1090 400 1180 Fulg.III
427 1099 441 1159 l
469 1095 701 1181 Bellerophon

426 1206 446 1266 2
471 1201 635 1268 Perdicca

426 1312 445 1373 3
469 1309 627 1374 Actaeon

426 1421 446 1479 4
471 1417 568 1480 Hero
593 1425 629 1480 et
652 1414 815 1487 Leander

427 1525 446 1586 5
472 1520 705 1606 Berecynthia
728 1532 764 1588 et
787 1519 884 1587 Attis

428 1631 447 1692 6
472 1628 607 1713 Psyche
630 1639 666 1695 et
690 1626 827 1715 Cupido

430 1741 449 1798 7
474 1737 599 1802 Peleus
622 1746 659 1802 et
681 1734 809 1801 Thetis

430 1846 449 1906 8
476 1843 619 1928 Myrrha
642 1852 678 1908 et
705 1840 837 1908 Adonis

320 1942 324 1952 ⁸
430 1954 450 2015 9
474 1949 602 2035 Apollo
626 1961 661 2016 et
685 1952 845 2034 Marsyas

409 2061 449 2121 10
473 2055 637 2141 Orpheus
660 2067 696 2122 et
719 2054 896 2141 Eurydice

411 2165 446 2225 11
475 2161 631 2228 Phineus

1159 1732 1224 1799 206

1181 1845 1223 1905 34

1161 1950 1322 2013 115.116.
1341 1950 1404 2011 118

1182 2058 1224 2118 44

1164 2165 1224 2225 142

411 2272 450 2333 12
475 2268 633 2357 Alpheus
658 2280 694 2337 et
716 2271 894 2337 Arethusa
924 2308 959 2335 =
1164 2273 1236 2336 173.

230 2390 446 2459 Fabularum
480 2393 647 2478 ordinem,
680 2395 774 2482 quod
803 2393 946 2480 quidem
978 2395 1022 2460 ad
1057 2393 1250 2461 maximam
1284 2414 1406 2459 earum

229 2509 367 2585 partem
394 2500 531 2585 attinet,
566 2502 661 2586 apud
697 2511 889 2585 utrumque
921 2501 1225 2585 Mythographum
1261 2498 1406 2565 omnino

227 2602 409 2672 diversum
425 2628 501 2671 esse
516 2606 624 2672 vides.
658 2607 884 2691 Quamquam
899 2604 1033 2689 primae
1049 2604 1250 2689 quindecim
1265 2605 1407 2672 fabulae

232 2713 356 2779 eodem
384 2713 456 2778 iere
480 2710 602 2777 ordine
626 2710 817 2798 dispositae
841 2720 934 2792 sunt,
962 2721 1081 2776 tamen
1102 2710 1406 2797 Mythographum

232 2841 251 2885 e
280 2817 473 2905 Fulgentio
508 2840 589 2884 eum
622 2829 827 2886 mutuatum
861 2839 938 2883 esse
972 2818 1071 2883 nullo
1105 2819 1211 2884 modo
1246 2815 1407 2903 cogimur

230 2936 401 3003 statuere3
430 2946 515 2991 nam
538 2924 567 2990 si
592 2923 670 3010 quis
699 2927 743 2992 de
767 2923 834 2991 diis
863 2924 995 2991 deabus
1018 2923 1184 2991 heroibus
1212 2909 1405 3011 scripturus

230 3042 292 3116 est,
321 3040 363 3097 ut
385 3054 407 3096 a
428 3032 584 3100 Saturno
608 3033 753 3118 eiusque
780 3031 866 3098 filiis
893 3031 1076 3098 exordium
1100 3030 1224 3118 capiat,
1251 3053 1306 3097 res
1329 3029 1406 3119 ipsa

230 3140 305 3206 lert
352 3138 453 3204 Idem
477 3137 571 3205 cadit
593 3138 630 3204 in
655 3138 750 3205 Isid.
776 3137 887 3225 Orig.
904 3141 994 3206 VIII
1015 3144 1063 3222 ll,
1088 3139 1147 3225 qui
1172 3136 1406 3225 etymologias

231 3265 313 3311 suas
337 3242 388 3310 ita
415 3241 601 3333 disposuit:
1389 3246 1391 3251 ’

391 3387 567 3455 Saturnus
583 3388 743 3475 Iuppiter
763 3393 873 3456 Ianus
889 3393 1081 3476 Neptunus
1096 3388 1279 3453 Vulcanus
1304 3388 1407 3454 Pluto

391 3494 498 3567 Liber
522 3494 717 3562 Mercurius
742 3500 836 3562 Mars
859 3497 987 3582 Apollo
1012 3494 1128 3559 Diana
1152 3494 1255 3560 Ceres
1272 3499 1408 3561 Proser·

390 3601 476 3689 pina
498 3605 607 3670 Vesta
631 3605 723 3668 Iuno
748 3601 909 3668 Minerva
929 3604 1052 3670 Venus
1076 3604 1149 3667 Pan
1175 3600 1242 3666 Isis
1265 3601 1407 3689 Serapis

392 3710 506 3777 Fauni
524 3710 614 3777 Fata
631 3708 758 3775 Furiae
778 3709 948 3797 Nympha
965 3711 1100 3774 Heroes
1118 3711 1267 3774 Penates
1284 3711 1407 3775 Manes

392 3821 528 3889 Larvae
552 3815 698 3890 Lamiae
723 3814 837 3882 Pilosi.

340 3975 505 4062 Hygini
533 3980 732 4045 fabularum
757 3974 936 4063 genuinus
966 3978 1051 4042 ordo
1079 3977 1183 4043 annis
1206 3976 1408 4043 labentibus

233 4079 341 4151 nimis
365 4083 590 4170 perturbatus
618 4086 778 4151 nondum
801 4083 987 4150 restitutus
1011 4093 1073 4166 est,
1100 4094 1142 4151 ut
1165 4105 1246 4149 cum
1270 4084 1409 4168 Mytho·

232 4189 371 4278 grapho
400 4210 459 4255 eas
483 4191 701 4259 conferentes
729 4192 869 4258 nullum
896 4192 1050 4255 {ructum
1074 4212 1197 4277 capere
1223 4170 1407 4277 possimus

236 4296 275 4365 Si
304 4292 472 4378 ordinem,
504 4298 644 4381 qualem
672 4302 717 4365 M.
741 4297 905 4368 Schmidt
931 4297 968 4363 in
998 4296 1162 4364 editionis
1190 4318 1275 4363 suae
1302 4296 1408 4383 praef.
