3367 4867
778 279 976 338 -2..

287 486 390 575 primi
419 485 577 554 lontibus
606 486 878 574 diligentissime
902 486 1083 574 indagatis
1106 509 1279 575 quosnam
1303 498 1463 554 auctores

288 593 414 660 adierit
437 615 577 680 quaque
600 593 736 660 ratione
760 593 918 660 lontibus
934 616 1020 659 usus
1044 593 1090 661 sit
1110 596 1306 662 luculenter
1321 594 1464 660 demon-

290 700 423 767 stravit.
463 704 539 766 Nec
561 700 680 766 minus
704 699 999 789 operaepretium
1022 722 1079 766 me
1096 702 1250 767 laturum
1272 724 1348 767 esse
1363 700 1463 782 duc0,

289 829 369 873 cum
405 807 658 895 Mythographi
693 807 837 874 secundi
872 809 987 873 fontes
1020 806 1237 894 investigare
1272 829 1464 895 aggressus

289 913 364 996 sim,
388 914 594 1002 praesertim
618 936 698 981 cum
723 913 822 980 Bodii
848 937 937 1003 opus
961 926 1144 981 auctorum
1168 913 1266 980 libris
1290 924 1376 981 tunc
1391 935 1463 982 non

289 1020 426 1087 affatim
443 1020 713 1109 suppetentibus
729 1021 836 1088 hodie
859 1020 1019 1087 uoniam
1043 1019 1204 1086 sulliciat
1245 1020 1464 1107 Diligentius

289 1128 384 1194 enim
412 1130 478 1195 hos
513 1128 698 1217 scriptores
733 1127 954 1216 percensenti
990 1126 1091 1194 lacile
1130 1126 1360 1215 conspicuum
1398 1127 1465 1194 erit

289 1236 580 1323 mydmgmphos
604 1257 684 1301 cum
701 1234 880 1319 insignem
903 1257 988 1323 prae
1011 1257 1049 1301 se
1064 1237 1180 1300 lerant
1202 1233 1295 1301 inter
1317 1256 1355 1300 se
1371 1233 1465 1300 simi-

289 1340 485 1425 litudinem,
510 1353 572 1408 aut
588 1341 697 1407 alium
722 1362 765 1405 ex
789 1340 859 1406 alio
875 1342 972 1407 haud
989 1340 1157 1427 exiguam
1173 1341 1372 1407 labularum
1388 1362 1465 1427 par-

290 1459 362 1514 tem
386 1447 611 1535 exscripsisse
634 1458 697 1513 aut
720 1468 843 1513 omnes
872 1469 915 1513 ex
939 1446 1064 1513 iisdem
1087 1449 1144 1514 vel
1168 1445 1295 1514 vicinis
1318 1445 1465 1513 fluxisse

289 1553 455 1621 lontibus,
490 1556 543 1620 Ac
565 1553 720 1642 primum
744 1553 887 1640 quidem
911 1555 955 1620 de
972 1553 1070 1621 libris
1092 1552 1367 1642 manuscriptis
1391 1553 1466 1640 qui·

289 1661 356 1727 bus
381 1662 666 1750 Mythographus
695 1662 871 1727 secundus
900 1661 1109 1746 continetur,
1137 1661 1260 1750 paucis
1287 1660 1464 1728 disseram.

396 1771 477 1833 Duo
510 1766 621 1855 igitur
654 1780 781 1835 extant
813 1769 950 1836 codices
978 1768 1015 1835 in
1046 1768 1264 1836 Bibliotheca
1291 1767 1465 1836 Vaticana

290 1874 544 1964 Mythographi
574 1875 719 1943 secundi
750 1876 888 1943 fabulas
917 1877 1189 1963 complectentes
1199 1876 1229 1960 ¹).
1285 1876 1385 1940 Alter
1412 1885 1467 1940 est

290 1984 400 2050 codex
416 1984 610 2052 Succorum
634 1983 717 2050 olim
744 1982 905 2068 Reginae
927 1983 1217 2047 membranaceus
1242 1981 1335 2065 (Cod.
1353 1979 1464 2048 Vatic

291 2091 417 2178 Regin.
446 2096 526 2156 1401
559 2112 641 2156 arm.
660 2089 766 2172 8„lila
791 2089 865 2174 2)²),
895 2087 954 2173 qui
980 2110 1059 2153 cum
1084 2073 1253 2164 aliatum
1282 2088 1338 2152 lol.
1359 2091 1464 2151 1-28

291 2195 545 2283 Mythographi
574 2194 677 2282 primi
709 2194 816 2260 libros
845 2197 934 2260 duos
963 2205 998 2275 et
1026 2196 1082 2259 lol.
1100 2198 1232 2259 29—72
1262 2194 1467 2281 Mythogra-

289 2303 401 2391 phum
418 2302 613 2367 secundum
630 2299 756 2367 litteris
772 2322 859 2366 saec.
876 2304 948 2365 XII
974 2313 1158 2367 exaratum
1182 2300 1380 2389 continet3),
1405 2301 1466 2366 sed

289 2408 494 2476 mutilatum
527 2408 666 2474 duabus
701 2405 851 2489 lacunis;
890 2429 974 2473 nam
1008 2410 1149 2474 fabulae
1186 2412 1286 2490 libas
1295 2410 1319 2494 ⁴)
1359 2410 1466 2475 verba
1505 2493 1509 2502 ν

291 2538 368 2582 cum
383 2516 468 2580 vz‘cto
492 2513 662 2581 continuo
678 2524 877 2600 sequuntur
900 2515 1160 2598 fabulae154,⁴a
1185 2515 1292 2581 verba
1317 2538 1393 2580 cum
1409 2536 1467 2580 ex·

291 2625 450 2705 tinctam,-
478 2633 659 2710 praeterea
687 2620 724 2688 in
753 2623 820 2689 lab.
841 2626 940 2706 199,21
967 2635 1049 2710 post
1082 2624 1179 2687 verrit
1204 2624 1320 2688 arbem
1343 2622 1467 2689 eodem

290 2752 394 2797 versu
424 2729 500 2798 sine
539 2731 612 2796 ullo
641 2729 757 2817 spatio
787 2729 1015 2797 continuatur
1049 2731 1199 2797 Vulcani
1225 2753 1340 2804 areana,
1376 2750 1467 2816 quae

291 2849 376 2904 sunt
399 2839 506 2903 verba
530 2838 597 2903 lab.
615 2841 727 2920 205,22.
767 2837 837 2904 Sed
861 2839 968 2924 paulo
992 2849 1073 2925 post
1090 2837 1206 2905 Maius
1229 2838 1371 2903 iortuna
1391 2858 1469 2924 pro-

292 2967 393 3032 spera
410 2965 495 3010 usus
511 2946 719 3010 lacunarum
743 2964 832 3030 quas
845 2943 918 3008 dixi
943 2946 1197 3032 explendarum
1213 2944 1340 3011 habuit
1362 2944 1469 3010 lacul-

293 3062 410 3120 tatem.
458 3054 552 3117 Nam
576 3072 656 3116 cum
680 3051 872 3116 nonnullos
896 3050 1033 3117 codices
1056 3073 1075 3116 e
1098 3051 1223 3138 priscis
1245 3048 1468 3118 monasteriis

293 3158 461 3225 oriundos
485 3180 526 3226 ac
550 3169 626 3225 tum
642 3155 679 3223 in
698 3154 917 3223 Bibliotheca
932 3157 1107 3226 Vaticana
1130 3158 1207 3225 sine
1223 3156 1345 3225 ordine
1366 3157 1469 3222 collo·

294 3278 391 3333 catos
422 3275 708 3353 perscrutaretur,
739 3265 829 3330 forte
861 3265 1003 3330 fortuna
1036 3263 1072 3327 in
1105 3262 1260 3330 codicem
1293 3284 1379 3328 saec.
1400 3263 1469 3328 XV

295 3384 479 3440 exaratum
503 3372 726 3439 chartaceum
735 3372 759 3457 ⁵)
783 3368 938 3453 incurrit,
962 3368 1022 3457 qui
1047 3390 1127 3434 cum
1152 3367 1313 3434 aliatum
1331 3367 1470 3451 Mytho-

295 3480 473 3566 graphum
496 3479 700 3560 secundum,
721 3477 838 3565 ipsum
863 3498 1003 3564 quoque
1026 3475 1102 3542 sine
1126 3472 1269 3541 nomine
1290 3471 1469 3557 traditum,

409 3695 433 3778 ¹)
457 3698 496 3757 cl.
511 3699 620 3766 Maius,
642 3698 737 3775 prael.
754 3718 784 3775 p.
801 3699 852 3757 Vl.

405 3785 429 3860 2)
453 3786 530 3846 Cod.
547 3788 646 3850 Vatic.
662 3786 768 3864 Regin.
779 3809 824 3844 =
837 3789 873 3845 R.

406 3871 433 3952 3)
456 3876 522 3934 Has
550 3884 637 3935 notas
661 3879 692 3934 P.
707 3875 808 3944 Elrrle,
834 3874 1008 3952 praelectus
1036 3875 1112 3933 Bibl.
1129 3875 1236 3943 Vatic,
1259 3875 1470 3934 liberalissime

299 3984 420 4023 mecum
445 3966 689 4023 communicavit

409 4054 435 4131 ⁴)
458 4056 513 4112 Per
536 4062 632 4113 totam
656 4055 899 4113 dissertationem
924 4055 954 4111 in
977 4054 1087 4113 labulis
1110 4054 1272 4112 afferendis
1295 4054 1382 4112 Bodli
1406 4052 1471 4111 edi·

303 4144 417 4204 tionem
441 4161 561 4220 sequar.

409 4234 434 4309 5)
458 4232 518 4290 Hic
542 4233 640 4292 codex
663 4235 762 4291 adhuc
786 4235 816 4290 in
840 4233 916 4291 Bibl.
933 4233 1031 4290 Vatic.
1047 4235 1129 4290 latet.
