<?xml version="1.0" encoding="UTF-8"?>
<!DOCTYPE html PUBLIC "-//W3C//DTD XHTML 1.0 Transitional//EN"
    "http://www.w3.org/TR/xhtml1/DTD/xhtml1-transitional.dtd">
<html xmlns="http://www.w3.org/1999/xhtml" xml:lang="en" lang="en">
 <head>
  <title>
</title>
<meta http-equiv="Content-Type" content="text/html;charset=utf-8" />
  <meta name='ocr-system' content='tesseract 3.04.00' />
  <meta name='ocr-capabilities' content='ocr_page ocr_carea ocr_par ocr_line ocrx_word'/>
</head>
<body>
  <div class='ocr_page' id='page_1' title='image "./demythographiva00kesegoog_0082.png"; bbox 0 0 3367 4867; ppageno 0'>
   <div class='ocr_carea' id='block_1_1' title="bbox 787 283 1012 346">
    <p class='ocr_par' dir='ltr' id='par_1_1' title="bbox 787 283 1012 346">
     <span class='ocr_line' id='line_1_1' title="bbox 787 283 1012 346; baseline 0 -16"><span class='ocrx_word' id='word_1_1' title='bbox 787 283 1012 346; x_wconf 78' lang='lat'>..70-</span> 
     </span>
    </p>
   </div>
   <div class='ocr_carea' id='block_1_2' title="bbox 309 488 1496 1009">
    <p class='ocr_par' dir='ltr' id='par_1_2' title="bbox 309 488 1496 1009">
     <span class='ocr_line' id='line_1_2' title="bbox 310 488 1494 581; baseline -0.004 -18"><span class='ocrx_word' id='word_1_2' title='bbox 310 497 392 581; x_wconf 82' lang='lat' dir='ltr'>Qua</span> <span class='ocrx_word' id='word_1_3' title='bbox 420 497 463 562; x_wconf 93' lang='lat' dir='ltr'>de</span> <span class='ocrx_word' id='word_1_4' title='bbox 492 517 599 563; x_wconf 88' lang='lat' dir='ltr'>causa</span> <span class='ocrx_word' id='word_1_5' title='bbox 627 492 692 563; x_wconf 86' lang='lat' dir='ltr'>etsi</span> <span class='ocrx_word' id='word_1_6' title='bbox 721 494 916 560; x_wconf 88' lang='lat' dir='ltr'>nonnullae</span> <span class='ocrx_word' id='word_1_7' title='bbox 943 493 1084 560; x_wconf 82' lang='lat' dir='ltr'>fabulae</span> <span class='ocrx_word' id='word_1_8' title='bbox 1112 516 1133 559; x_wconf 94' lang='lat' dir='ltr'>a</span> <span class='ocrx_word' id='word_1_9' title='bbox 1162 490 1345 579; x_wconf 86' lang='lat' dir='ltr'>Fulgentii</span> <span class='ocrx_word' id='word_1_10' title='bbox 1374 488 1494 559; x_wconf 86' lang='lat' dir='ltr'>verbis</span> 
     </span>
     <span class='ocr_line' id='line_1_3' title="bbox 309 597 1495 689; baseline -0.004 -21"><span class='ocrx_word' id='word_1_11' title='bbox 309 624 527 689; x_wconf 83' lang='lat' dir='ltr'>magnopere</span> <span class='ocrx_word' id='word_1_12' title='bbox 551 599 760 689; x_wconf 90' lang='lat' dir='ltr'>discrepant,</span> <span class='ocrx_word' id='word_1_13' title='bbox 784 611 904 669; x_wconf 88' lang='lat' dir='ltr'>tamen</span> <span class='ocrx_word' id='word_1_14' title='bbox 929 597 1090 687; x_wconf 85' lang='lat' dir='ltr'>plurimis</span> <span class='ocrx_word' id='word_1_15' title='bbox 1113 597 1289 687; x_wconf 88' lang='lat' dir='ltr'>insignior</span> <span class='ocrx_word' id='word_1_16' title='bbox 1313 620 1393 666; x_wconf 89' lang='lat' dir='ltr'>cum</span> <span class='ocrx_word' id='word_1_17' title='bbox 1410 598 1495 664; x_wconf 83' lang='lat' dir='ltr'>Ful·</span> 
     </span>
     <span class='ocr_line' id='line_1_4' title="bbox 312 705 1494 796; baseline -0.004 -20"><span class='ocrx_word' id='word_1_18' title='bbox 312 707 435 796; x_wconf 85' lang='lat' dir='ltr'>gentio</span> <span class='ocrx_word' id='word_1_19' title='bbox 459 730 653 776; x_wconf 87' lang='lat' dir='ltr'>consensus</span> <span class='ocrx_word' id='word_1_20' title='bbox 681 719 744 792; x_wconf 88' lang='lat' dir='ltr'>est,</span> <span class='ocrx_word' id='word_1_21' title='bbox 772 729 879 796; x_wconf 86' lang='lat' dir='ltr'>quarn</span> <span class='ocrx_word' id='word_1_22' title='bbox 904 718 946 773; x_wconf 89' lang='lat' dir='ltr'>ut</span> <span class='ocrx_word' id='word_1_23' title='bbox 968 707 1013 773; x_wconf 88' lang='lat' dir='ltr'>ad</span> <span class='ocrx_word' id='word_1_24' title='bbox 1038 728 1262 772; x_wconf 89' lang='lat' dir='ltr'>communem</span> <span class='ocrx_word' id='word_1_25' title='bbox 1285 708 1421 772; x_wconf 80' lang='lat' dir='ltr'>fontem</span> <span class='ocrx_word' id='word_1_26' title='bbox 1446 705 1494 771; x_wconf 91' lang='lat' dir='ltr'>ab</span> 
     </span>
     <span class='ocr_line' id='line_1_5' title="bbox 312 811 1496 903; baseline -0.002 -21"><span class='ocrx_word' id='word_1_27' title='bbox 312 828 461 903; x_wconf 86' lang='lat' dir='ltr'>utroque</span> <span class='ocrx_word' id='word_1_28' title='bbox 496 816 759 902; x_wconf 86' lang='lat' dir='ltr'>Mythographo</span> <span class='ocrx_word' id='word_1_29' title='bbox 794 812 992 901; x_wconf 78' lang='lat' dir='ltr'>expilatam</span> <span class='ocrx_word' id='word_1_30' title='bbox 1028 834 1109 880; x_wconf 91' lang='lat' dir='ltr'>eum</span> <span class='ocrx_word' id='word_1_31' title='bbox 1142 813 1270 880; x_wconf 86' lang='lat' dir='ltr'>reicere</span> <span class='ocrx_word' id='word_1_32' title='bbox 1304 811 1496 900; x_wconf 72' lang='lat' dir='ltr'>possimus,-</span> 
     </span>
     <span class='ocr_line' id='line_1_6' title="bbox 313 919 897 1009; baseline -0.009 -17"><span class='ocrx_word' id='word_1_33' title='bbox 313 919 477 1009; x_wconf 86' lang='lat' dir='ltr'>Exempli</span> <span class='ocrx_word' id='word_1_34' title='bbox 502 944 608 989; x_wconf 89' lang='lat' dir='ltr'>causa</span> <span class='ocrx_word' id='word_1_35' title='bbox 631 923 718 989; x_wconf 88' lang='lat' dir='ltr'>haec</span> <span class='ocrx_word' id='word_1_36' title='bbox 743 923 897 1008; x_wconf 82' lang='lat' dir='ltr'>profero:</span> 
     </span>
    </p>
   </div>
   <div class='ocr_carea' id='block_1_3' title="bbox 408 1063 1299 1151">
    <p class='ocr_par' dir='ltr' id='par_1_3' title="bbox 408 1063 1299 1151">
     <span class='ocr_line' id='line_1_7' title="bbox 408 1063 1299 1151; baseline -0.003 -20"><span class='ocrx_word' id='word_1_37' title='bbox 408 1066 518 1151; x_wconf 90' lang='lat' dir='ltr'>Myth.</span> <span class='ocrx_word' id='word_1_38' title='bbox 535 1067 603 1133; x_wconf 86' lang='lat' dir='ltr'>fab.</span> <span class='ocrx_word' id='word_1_39' title='bbox 624 1071 778 1150; x_wconf 72' lang='lat' dir='ltr'>Ilm—ar</span> <span class='ocrx_word' id='word_1_40' title='bbox 1122 1063 1224 1150; x_wconf 87' lang='lat' dir='ltr'>Fulg.</span> <span class='ocrx_word' id='word_1_41' title='bbox 1245 1065 1299 1129; x_wconf 87' lang='lat'>16</span> 
     </span>
    </p>
   </div>
   <div class='ocr_carea' id='block_1_4' title="bbox 312 1188 1502 2669">
    <p class='ocr_par' dir='ltr' id='par_1_4' title="bbox 312 1188 1502 2434">
     <span class='ocr_line' id='line_1_8' title="bbox 378 1188 1493 1272; baseline -0.001 -17"><span class='ocrx_word' id='word_1_42' title='bbox 378 1189 624 1257; x_wconf 82' lang='lat' dir='ltr'>Tricerberum</span> <span class='ocrx_word' id='word_1_43' title='bbox 652 1211 775 1257; x_wconf 92' lang='lat' dir='ltr'>canem</span> <span class='ocrx_word' id='word_1_44' title='bbox 799 1190 894 1272; x_wconf 35' lang='lat' dir='ltr'>eius,</span> <span class='ocrx_word' id='word_1_45' title='bbox 996 1188 1241 1254; x_wconf 83' lang='lat' dir='ltr'>Tricerberum</span> <span class='ocrx_word' id='word_1_46' title='bbox 1264 1209 1347 1254; x_wconf 91' lang='lat' dir='ltr'>vero</span> <span class='ocrx_word' id='word_1_47' title='bbox 1369 1208 1493 1254; x_wconf 88' lang='lat' dir='ltr'>canem</span> 
     </span>
     <span class='ocr_line' id='line_1_9' title="bbox 313 1294 1494 1384; baseline 0 -22"><span class='ocrx_word' id='word_1_48' title='bbox 313 1294 494 1363; x_wconf 90' lang='lat' dir='ltr'>subiciunt</span> <span class='ocrx_word' id='word_1_49' title='bbox 523 1297 681 1384; x_wconf 91' lang='lat' dir='ltr'>pedibus,</span> <span class='ocrx_word' id='word_1_50' title='bbox 708 1298 765 1363; x_wconf 90' lang='lat' dir='ltr'>vel</span> <span class='ocrx_word' id='word_1_51' title='bbox 793 1296 875 1383; x_wconf 93' lang='lat' dir='ltr'>quia</span> <span class='ocrx_word' id='word_1_52' title='bbox 931 1295 1007 1362; x_wconf 88' lang='lat' dir='ltr'>eius</span> <span class='ocrx_word' id='word_1_53' title='bbox 1022 1294 1203 1362; x_wconf 90' lang='lat' dir='ltr'>subiciunt</span> <span class='ocrx_word' id='word_1_54' title='bbox 1217 1295 1375 1382; x_wconf 89' lang='lat' dir='ltr'>pedibus,</span> <span class='ocrx_word' id='word_1_55' title='bbox 1398 1297 1494 1382; x_wconf 92' lang='lat' dir='ltr'>quod</span> 
     </span>
     <span class='ocr_line' id='line_1_10' title="bbox 312 1401 1496 1489; baseline 0.002 -21"><span class='ocrx_word' id='word_1_56' title='bbox 312 1401 511 1489; x_wconf 86' lang='lat' dir='ltr'>iurgiorum</span> <span class='ocrx_word' id='word_1_57' title='bbox 548 1401 683 1470; x_wconf 91' lang='lat' dir='ltr'>invidia</span> <span class='ocrx_word' id='word_1_58' title='bbox 721 1403 875 1470; x_wconf 91' lang='lat' dir='ltr'>ternario</span> <span class='ocrx_word' id='word_1_59' title='bbox 930 1402 1134 1469; x_wconf 86' lang='lat' dir='ltr'>mortalium</span> <span class='ocrx_word' id='word_1_60' title='bbox 1172 1401 1369 1488; x_wconf 87' lang='lat' dir='ltr'>iurgiorum</span> <span class='ocrx_word' id='word_1_61' title='bbox 1404 1401 1496 1470; x_wconf 91' lang='lat' dir='ltr'>invi·</span> 
     </span>
     <span class='ocr_line' id='line_1_11' title="bbox 314 1508 1496 1595; baseline 0 -19"><span class='ocrx_word' id='word_1_62' title='bbox 314 1511 490 1576; x_wconf 85' lang='lat' dir='ltr'>conllatur</span> <span class='ocrx_word' id='word_1_63' title='bbox 501 1519 606 1593; x_wconf 90' lang='lat' dir='ltr'>statu,</span> <span class='ocrx_word' id='word_1_64' title='bbox 618 1509 781 1595; x_wconf 89' lang='lat' dir='ltr'>naturali,</span> <span class='ocrx_word' id='word_1_65' title='bbox 797 1531 877 1576; x_wconf 92' lang='lat' dir='ltr'>cau·</span> <span class='ocrx_word' id='word_1_66' title='bbox 931 1508 1169 1576; x_wconf 91' lang='lat' dir='ltr'>diaetemario</span> <span class='ocrx_word' id='word_1_67' title='bbox 1179 1511 1379 1576; x_wconf 87' lang='lat' dir='ltr'>conflentur</span> <span class='ocrx_word' id='word_1_68' title='bbox 1388 1519 1496 1593; x_wconf 89' lang='lat' dir='ltr'>statu,</span> 
     </span>
     <span class='ocr_line' id='line_1_12' title="bbox 315 1614 1498 1699; baseline 0.001 -18"><span class='ocrx_word' id='word_1_69' title='bbox 315 1615 389 1698; x_wconf 89' lang='lat' dir='ltr'>sali,</span> <span class='ocrx_word' id='word_1_70' title='bbox 424 1614 641 1683; x_wconf 90' lang='lat' dir='ltr'>accidentali.</span> <span class='ocrx_word' id='word_1_71' title='bbox 703 1619 877 1684; x_wconf 86' lang='lat' dir='ltr'>Naturale</span> <span class='ocrx_word' id='word_1_72' title='bbox 931 1616 967 1683; x_wconf 93' lang='lat' dir='ltr'>id</span> <span class='ocrx_word' id='word_1_73' title='bbox 984 1628 1038 1684; x_wconf 90' lang='lat' dir='ltr'>est</span> <span class='ocrx_word' id='word_1_74' title='bbox 1058 1614 1220 1699; x_wconf 89' lang='lat' dir='ltr'>naturali,</span> <span class='ocrx_word' id='word_1_75' title='bbox 1245 1615 1387 1698; x_wconf 89' lang='lat' dir='ltr'>causali,</span> <span class='ocrx_word' id='word_1_76' title='bbox 1408 1615 1498 1683; x_wconf 90' lang='lat' dir='ltr'>acci-</span> 
     </span>
     <span class='ocr_line' id='line_1_13' title="bbox 315 1720 1497 1811; baseline 0.001 -23"><span class='ocrx_word' id='word_1_77' title='bbox 315 1733 369 1788; x_wconf 87' lang='lat' dir='ltr'>est</span> <span class='ocrx_word' id='word_1_78' title='bbox 397 1720 526 1807; x_wconf 90' lang='lat' dir='ltr'>odium,</span> <span class='ocrx_word' id='word_1_79' title='bbox 554 1735 596 1790; x_wconf 93' lang='lat' dir='ltr'>ut</span> <span class='ocrx_word' id='word_1_80' title='bbox 619 1745 756 1808; x_wconf 88' lang='lat' dir='ltr'>canum,</span> <span class='ocrx_word' id='word_1_81' title='bbox 783 1726 877 1811; x_wconf 78' lang='lat' dir='ltr'>lepo</span> <span class='ocrx_word' id='word_1_82' title='bbox 932 1723 1038 1790; x_wconf 90' lang='lat' dir='ltr'>denti.</span> <span class='ocrx_word' id='word_1_83' title='bbox 1085 1724 1257 1790; x_wconf 86' lang='lat' dir='ltr'>Naturale</span> <span class='ocrx_word' id='word_1_84' title='bbox 1292 1734 1346 1789; x_wconf 92' lang='lat' dir='ltr'>est</span> <span class='ocrx_word' id='word_1_85' title='bbox 1373 1723 1497 1789; x_wconf 89' lang='lat' dir='ltr'>odium</span> 
     </span>
     <span class='ocr_line' id='line_1_14' title="bbox 315 1829 1502 1919; baseline 0.003 -25"><span class='ocrx_word' id='word_1_86' title='bbox 315 1851 402 1913; x_wconf 91' lang='lat' dir='ltr'>rum,</span> <span class='ocrx_word' id='word_1_87' title='bbox 418 1829 611 1896; x_wconf 92' lang='lat' dir='ltr'>hominum.</span> <span class='ocrx_word' id='word_1_88' title='bbox 649 1831 798 1898; x_wconf 84' lang='lat' dir='ltr'>Causale</span> <span class='ocrx_word' id='word_1_89' title='bbox 814 1842 876 1915; x_wconf 88' lang='lat' dir='ltr'>est,</span> <span class='ocrx_word' id='word_1_90' title='bbox 932 1842 973 1897; x_wconf 90' lang='lat' dir='ltr'>ut</span> <span class='ocrx_word' id='word_1_91' title='bbox 996 1853 1124 1897; x_wconf 92' lang='lat' dir='ltr'>canum</span> <span class='ocrx_word' id='word_1_92' title='bbox 1148 1841 1184 1897; x_wconf 91' lang='lat' dir='ltr'>et</span> <span class='ocrx_word' id='word_1_93' title='bbox 1206 1831 1374 1917; x_wconf 86' lang='lat' dir='ltr'>leporum,</span> <span class='ocrx_word' id='word_1_94' title='bbox 1397 1832 1502 1919; x_wconf 82' lang='lat' dir='ltr'>lupo·</span> 
     </span>
     <span class='ocr_line' id='line_1_15' title="bbox 315 1936 1497 2025; baseline 0 -23"><span class='ocrx_word' id='word_1_95' title='bbox 315 1946 356 2002; x_wconf 87' lang='lat' dir='ltr'>ut</span> <span class='ocrx_word' id='word_1_96' title='bbox 379 1936 507 2003; x_wconf 91' lang='lat' dir='ltr'>amoris</span> <span class='ocrx_word' id='word_1_97' title='bbox 523 1939 626 2005; x_wconf 82' lang='lat' dir='ltr'>zelus</span> <span class='ocrx_word' id='word_1_98' title='bbox 650 1938 878 2006; x_wconf 88' lang='lat' dir='ltr'>Accidentale</span> <span class='ocrx_word' id='word_1_99' title='bbox 932 1959 1011 2003; x_wconf 91' lang='lat' dir='ltr'>rum</span> <span class='ocrx_word' id='word_1_100' title='bbox 1034 1948 1070 2004; x_wconf 90' lang='lat' dir='ltr'>et</span> <span class='ocrx_word' id='word_1_101' title='bbox 1097 1939 1281 2025; x_wconf 87' lang='lat' dir='ltr'>pecudum,</span> <span class='ocrx_word' id='word_1_102' title='bbox 1309 1936 1497 2004; x_wconf 91' lang='lat' dir='ltr'>hominum</span> 
     </span>
     <span class='ocr_line' id='line_1_16' title="bbox 316 2045 1499 2132; baseline 0.001 -23"><span class='ocrx_word' id='word_1_103' title='bbox 316 2054 378 2127; x_wconf 87' lang='lat' dir='ltr'>est,</span> <span class='ocrx_word' id='word_1_104' title='bbox 402 2045 496 2130; x_wconf 92' lang='lat' dir='ltr'>quod</span> <span class='ocrx_word' id='word_1_105' title='bbox 520 2056 583 2112; x_wconf 88' lang='lat' dir='ltr'>aut</span> <span class='ocrx_word' id='word_1_106' title='bbox 606 2068 690 2112; x_wconf 89' lang='lat' dir='ltr'>casu</span> <span class='ocrx_word' id='word_1_107' title='bbox 711 2045 822 2112; x_wconf 87' lang='lat' dir='ltr'>oritur</span> <span class='ocrx_word' id='word_1_108' title='bbox 836 2057 879 2113; x_wconf 88' lang='lat' dir='ltr'>ut</span> <span class='ocrx_word' id='word_1_109' title='bbox 933 2056 969 2112; x_wconf 88' lang='lat' dir='ltr'>et</span> <span class='ocrx_word' id='word_1_110' title='bbox 984 2046 1209 2132; x_wconf 87' lang='lat' dir='ltr'>serpentium,</span> <span class='ocrx_word' id='word_1_111' title='bbox 1226 2047 1366 2112; x_wconf 92' lang='lat' dir='ltr'>causale</span> <span class='ocrx_word' id='word_1_112' title='bbox 1386 2055 1440 2111; x_wconf 89' lang='lat' dir='ltr'>est</span> <span class='ocrx_word' id='word_1_113' title='bbox 1455 2054 1499 2110; x_wconf 90' lang='lat' dir='ltr'>ut</span> 
     </span>
     <span class='ocr_line' id='line_1_17' title="bbox 316 2150 1498 2239; baseline 0.004 -24"><span class='ocrx_word' id='word_1_114' title='bbox 316 2150 528 2234; x_wconf 91' lang='lat' dir='ltr'>hominibus,</span> <span class='ocrx_word' id='word_1_115' title='bbox 542 2162 604 2217; x_wconf 86' lang='lat' dir='ltr'>aut</span> <span class='ocrx_word' id='word_1_116' title='bbox 615 2163 758 2239; x_wconf 90' lang='lat' dir='ltr'>propter</span> <span class='ocrx_word' id='word_1_117' title='bbox 767 2175 879 2219; x_wconf 91' lang='lat' dir='ltr'>come·</span> <span class='ocrx_word' id='word_1_118' title='bbox 934 2152 1063 2219; x_wconf 88' lang='lat' dir='ltr'>amoris</span> <span class='ocrx_word' id='word_1_119' title='bbox 1079 2154 1193 2219; x_wconf 87' lang='lat' dir='ltr'>zelum</span> <span class='ocrx_word' id='word_1_120' title='bbox 1209 2163 1316 2239; x_wconf 90' lang='lat' dir='ltr'>atque</span> <span class='ocrx_word' id='word_1_121' title='bbox 1331 2150 1498 2235; x_wconf 88' lang='lat' dir='ltr'>invidiae,</span> 
     </span>
     <span class='ocr_line' id='line_1_18' title="bbox 316 2255 1500 2346; baseline 0.002 -25"><span class='ocrx_word' id='word_1_122' title='bbox 316 2255 471 2330; x_wconf 63' lang='lat' dir='ltr'>ationem,</span> <span class='ocrx_word' id='word_1_123' title='bbox 491 2269 533 2324; x_wconf 92' lang='lat' dir='ltr'>ut</span> <span class='ocrx_word' id='word_1_124' title='bbox 554 2257 730 2325; x_wconf 87' lang='lat' dir='ltr'>iumentis.</span> <span class='ocrx_word' id='word_1_125' title='bbox 850 2327 851 2330; x_wconf 65' lang='grc'>,</span> <span class='ocrx_word' id='word_1_126' title='bbox 934 2259 1097 2326; x_wconf 89' lang='lat' dir='ltr'>accidens</span> <span class='ocrx_word' id='word_1_127' title='bbox 1120 2272 1182 2343; x_wconf 84' lang='lat' dir='ltr'>est,</span> <span class='ocrx_word' id='word_1_128' title='bbox 1211 2261 1305 2346; x_wconf 89' lang='lat' dir='ltr'>quod</span> <span class='ocrx_word' id='word_1_129' title='bbox 1334 2271 1396 2326; x_wconf 89' lang='lat' dir='ltr'>aut</span> <span class='ocrx_word' id='word_1_130' title='bbox 1422 2280 1500 2326; x_wconf 89' lang='lat' dir='ltr'>ver-</span> 
     </span>
     <span class='ocr_line' id='line_1_19' title="bbox 329 2357 1499 2434; baseline -0.002 -2"><span class='ocrx_word' id='word_1_131' title='bbox 329 2357 332 2362; x_wconf 33' lang='lat'><em>*</em></span> <span class='ocrx_word' id='word_1_132' title='bbox 934 2365 989 2433; x_wconf 90' lang='lat' dir='ltr'>bis</span> <span class='ocrx_word' id='word_1_133' title='bbox 1012 2365 1199 2433; x_wconf 89' lang='lat' dir='ltr'>casualiter</span> <span class='ocrx_word' id='word_1_134' title='bbox 1211 2366 1369 2434; x_wconf 91' lang='lat' dir='ltr'>oboritur</span> <span class='ocrx_word' id='word_1_135' title='bbox 1381 2376 1422 2433; x_wconf 91' lang='lat' dir='ltr'>ut</span> <span class='ocrx_word' id='word_1_136' title='bbox 1436 2366 1499 2431; x_wconf 91' lang='lat' dir='ltr'>ho·</span> 
     </span>
    </p>

    <p class='ocr_par' dir='ltr' id='par_1_5' title="bbox 905 2472 1502 2669">
     <span class='ocr_line' id='line_1_20' title="bbox 933 2472 1502 2560; baseline 0.002 -22"><span class='ocrx_word' id='word_1_137' title='bbox 933 2472 1502 2560; x_wconf 90' lang='lat' dir='ltr'>minibusautcomestionisprop-</span> 
     </span>
     <span class='ocr_line' id='line_1_21' title="bbox 905 2562 1249 2669; baseline 0 -22"><span class='ocrx_word' id='word_1_138' title='bbox 905 2562 909 2669; x_wconf 88' lang='grc' dir='ltr'>Ι</span> <span class='ocrx_word' id='word_1_139' title='bbox 935 2590 987 2647; x_wconf 92' lang='lat' dir='ltr'>ter</span> <span class='ocrx_word' id='word_1_140' title='bbox 1010 2592 1051 2647; x_wconf 92' lang='lat' dir='ltr'>ut</span> <span class='ocrx_word' id='word_1_141' title='bbox 1073 2579 1249 2647; x_wconf 89' lang='lat' dir='ltr'>iumentis.</span> 
     </span>
    </p>
   </div>
   <div class='ocr_carea' id='block_1_5' title="bbox 457 2723 1328 2810">
    <p class='ocr_par' dir='ltr' id='par_1_6' title="bbox 457 2723 1328 2810">
     <span class='ocr_line' id='line_1_22' title="bbox 457 2723 1328 2810; baseline 0.001 -22"><span class='ocrx_word' id='word_1_142' title='bbox 457 2723 568 2808; x_wconf 90' lang='lat' dir='ltr'>Myth.</span> <span class='ocrx_word' id='word_1_143' title='bbox 584 2725 652 2791; x_wconf 85' lang='lat' dir='ltr'>lab.</span> <span class='ocrx_word' id='word_1_144' title='bbox 672 2728 733 2789; x_wconf 90' lang='grc'>118</span> <span class='ocrx_word' id='word_1_145' title='bbox 1106 2723 1207 2810; x_wconf 81' lang='lat' dir='ltr'>Fulg.</span> <span class='ocrx_word' id='word_1_146' title='bbox 1224 2726 1260 2789; x_wconf 95' lang='lat' dir='ltr'>II</span> <span class='ocrx_word' id='word_1_147' title='bbox 1289 2728 1328 2789; x_wconf 92' lang='lat'>10</span> 
     </span>
    </p>
   </div>
   <div class='ocr_carea' id='block_1_6' title="bbox 318 2846 1508 3900">
    <p class='ocr_par' dir='ltr' id='par_1_7' title="bbox 318 2846 1508 3900">
     <span class='ocr_line' id='line_1_23' title="bbox 384 2846 1500 2935; baseline 0 -20"><span class='ocrx_word' id='word_1_148' title='bbox 384 2846 525 2915; x_wconf 89' lang='lat' dir='ltr'>Veritas</span> <span class='ocrx_word' id='word_1_149' title='bbox 557 2858 678 2914; x_wconf 90' lang='lat' dir='ltr'>autem</span> <span class='ocrx_word' id='word_1_150' title='bbox 702 2859 764 2933; x_wconf 88' lang='lat' dir='ltr'>est,</span> <span class='ocrx_word' id='word_1_151' title='bbox 797 2847 881 2935; x_wconf 93' lang='lat' dir='ltr'>quia</span> <span class='ocrx_word' id='word_1_152' title='bbox 1246 2900 1379 2915; x_wconf 90' lang='grc'><strong>.....</strong></span> <span class='ocrx_word' id='word_1_153' title='bbox 1404 2849 1500 2935; x_wconf 89' lang='lat' dir='ltr'>quod</span> 
     </span>
     <span class='ocr_line' id='line_1_24' title="bbox 318 2943 1503 3049; baseline 0.003 -30"><span class='ocrx_word' id='word_1_154' title='bbox 318 2952 466 3039; x_wconf 88' lang='lat' dir='ltr'>quisque</span> <span class='ocrx_word' id='word_1_155' title='bbox 489 2973 626 3036; x_wconf 81' lang='lat' dir='ltr'>avarus,</span> <span class='ocrx_word' id='word_1_156' title='bbox 655 2975 735 3020; x_wconf 92' lang='lat' dir='ltr'>cum</span> <span class='ocrx_word' id='word_1_157' title='bbox 760 2955 881 3021; x_wconf 90' lang='lat' dir='ltr'>omnia</span> <span class='ocrx_word' id='word_1_158' title='bbox 907 2943 911 3049; x_wconf 70' lang='lat' dir='ltr'>l</span> <span class='ocrx_word' id='word_1_159' title='bbox 937 2955 1053 3023; x_wconf 92' lang='lat' dir='ltr'>omnis</span> <span class='ocrx_word' id='word_1_160' title='bbox 1099 2954 1275 3042; x_wconf 91' lang='lat' dir='ltr'>appetitor</span> <span class='ocrx_word' id='word_1_161' title='bbox 1328 2954 1503 3024; x_wconf 85' lang='lat' dir='ltr'>avaritiae</span> 
     </span>
     <span class='ocr_line' id='line_1_25' title="bbox 318 3058 1503 3150; baseline 0.003 -25"><span class='ocrx_word' id='word_1_162' title='bbox 318 3058 431 3145; x_wconf 91' lang='lat' dir='ltr'>pretio</span> <span class='ocrx_word' id='word_1_163' title='bbox 463 3059 627 3144; x_wconf 89' lang='lat' dir='ltr'>destinat,</span> <span class='ocrx_word' id='word_1_164' title='bbox 658 3061 752 3127; x_wconf 83' lang='lat' dir='ltr'>fame</span> <span class='ocrx_word' id='word_1_165' title='bbox 778 3060 882 3127; x_wconf 90' lang='lat' dir='ltr'>mori·</span> <span class='ocrx_word' id='word_1_166' title='bbox 943 3085 1024 3130; x_wconf 92' lang='lat' dir='ltr'>cum</span> <span class='ocrx_word' id='word_1_167' title='bbox 1067 3061 1186 3129; x_wconf 90' lang='lat' dir='ltr'>omnia</span> <span class='ocrx_word' id='word_1_168' title='bbox 1233 3061 1347 3150; x_wconf 90' lang='lat' dir='ltr'>pretio</span> <span class='ocrx_word' id='word_1_169' title='bbox 1395 3060 1503 3129; x_wconf 87' lang='lat' dir='ltr'>desti·</span> 
     </span>
     <span class='ocr_line' id='line_1_26' title="bbox 320 3166 1508 3256; baseline 0.005 -25"><span class='ocrx_word' id='word_1_170' title='bbox 320 3176 384 3232; x_wconf 89' lang='lat' dir='ltr'>tur.</span> <span class='ocrx_word' id='word_1_171' title='bbox 410 3167 515 3250; x_wconf 81' lang='lat' dir='ltr'>Quod</span> <span class='ocrx_word' id='word_1_172' title='bbox 532 3166 630 3233; x_wconf 89' lang='lat' dir='ltr'>Mida</span> <span class='ocrx_word' id='word_1_173' title='bbox 646 3188 708 3232; x_wconf 89' lang='lat' dir='ltr'>rex</span> <span class='ocrx_word' id='word_1_174' title='bbox 720 3177 803 3250; x_wconf 89' lang='lat' dir='ltr'>erat,</span> <span class='ocrx_word' id='word_1_175' title='bbox 820 3166 881 3254; x_wconf 88' lang='lat' dir='ltr'>qui</span> <span class='ocrx_word' id='word_1_176' title='bbox 937 3181 1008 3253; x_wconf 85' lang='lat' dir='ltr'>nat,</span> <span class='ocrx_word' id='word_1_177' title='bbox 1038 3171 1131 3236; x_wconf 80' lang='lat' dir='ltr'>fame</span> <span class='ocrx_word' id='word_1_178' title='bbox 1160 3168 1317 3253; x_wconf 89' lang='lat' dir='ltr'>moritur,</span> <span class='ocrx_word' id='word_1_179' title='bbox 1342 3170 1435 3256; x_wconf 89' lang='lat' dir='ltr'>quod</span> <span class='ocrx_word' id='word_1_180' title='bbox 1463 3180 1508 3238; x_wconf 85' lang='lat' dir='ltr'>et</span> 
     </span>
     <span class='ocr_line' id='line_1_27' title="bbox 319 3272 1501 3361; baseline 0.004 -22"><span class='ocrx_word' id='word_1_181' title='bbox 319 3275 465 3341; x_wconf 87' lang='lat' dir='ltr'>collecta</span> <span class='ocrx_word' id='word_1_182' title='bbox 487 3272 718 3361; x_wconf 84' lang='lat' dir='ltr'>pecuniarum</span> <span class='ocrx_word' id='word_1_183' title='bbox 737 3294 882 3340; x_wconf 88' lang='lat' dir='ltr'>suarum</span> <span class='ocrx_word' id='word_1_184' title='bbox 938 3275 1035 3343; x_wconf 88' lang='lat' dir='ltr'>Mida</span> <span class='ocrx_word' id='word_1_185' title='bbox 1066 3300 1128 3343; x_wconf 87' lang='lat' dir='ltr'>rex</span> <span class='ocrx_word' id='word_1_186' title='bbox 1151 3288 1239 3361; x_wconf 76' lang='lat' dir='ltr'>erat3</span> <span class='ocrx_word' id='word_1_187' title='bbox 1267 3278 1329 3343; x_wconf 89' lang='lat' dir='ltr'>sed</span> <span class='ocrx_word' id='word_1_188' title='bbox 1353 3277 1501 3344; x_wconf 87' lang='lat' dir='ltr'>collecta</span> 
     </span>
     <span class='ocr_line' id='line_1_28' title="bbox 320 3379 1503 3469; baseline 0.002 -22"><span class='ocrx_word' id='word_1_189' title='bbox 320 3403 467 3465; x_wconf 88' lang='lat' dir='ltr'>summa,</span> <span class='ocrx_word' id='word_1_190' title='bbox 495 3391 537 3449; x_wconf 91' lang='lat' dir='ltr'>ut</span> <span class='ocrx_word' id='word_1_191' title='bbox 565 3379 759 3450; x_wconf 89' lang='lat' dir='ltr'>Sosicrates</span> <span class='ocrx_word' id='word_1_192' title='bbox 787 3380 882 3466; x_wconf 88' lang='lat' dir='ltr'>dicit,</span> <span class='ocrx_word' id='word_1_193' title='bbox 937 3383 1168 3469; x_wconf 89' lang='lat' dir='ltr'>pecuniamm</span> <span class='ocrx_word' id='word_1_194' title='bbox 1191 3405 1336 3450; x_wconf 89' lang='lat' dir='ltr'>suarum</span> <span class='ocrx_word' id='word_1_195' title='bbox 1352 3404 1503 3467; x_wconf 91' lang='lat' dir='ltr'>summa,</span> 
     </span>
     <span class='ocr_line' id='line_1_29' title="bbox 322 3487 1503 3575; baseline 0.003 -22"><span class='ocrx_word' id='word_1_196' title='bbox 322 3490 504 3556; x_wconf 90' lang='lat' dir='ltr'>Pactolum</span> <span class='ocrx_word' id='word_1_197' title='bbox 541 3487 718 3571; x_wconf 66' lang='lat' dir='ltr'>fluvium,=</span> <span class='ocrx_word' id='word_1_198' title='bbox 745 3487 806 3575; x_wconf 92' lang='lat' dir='ltr'>qui</span> <span class='ocrx_word' id='word_1_199' title='bbox 844 3488 882 3555; x_wconf 92' lang='lat' dir='ltr'>in</span> <span class='ocrx_word' id='word_1_200' title='bbox 938 3501 979 3557; x_wconf 89' lang='lat' dir='ltr'>ut</span> <span class='ocrx_word' id='word_1_201' title='bbox 1001 3490 1189 3559; x_wconf 86' lang='lat' dir='ltr'>Solicrates</span> <span class='ocrx_word' id='word_1_202' title='bbox 1203 3489 1385 3558; x_wconf 83' lang='lat' dir='ltr'>Cizicenus</span> <span class='ocrx_word' id='word_1_203' title='bbox 1407 3488 1444 3556; x_wconf 92' lang='lat' dir='ltr'>in</span> <span class='ocrx_word' id='word_1_204' title='bbox 1462 3490 1503 3556; x_wconf 86' lang='lat' dir='ltr'>li-</span> 
     </span>
     <span class='ocr_line' id='line_1_30' title="bbox 320 3594 1502 3688; baseline 0.002 -26"><span class='ocrx_word' id='word_1_205' title='bbox 320 3617 417 3688; x_wconf 90' lang='lat' dir='ltr'>mare</span> <span class='ocrx_word' id='word_1_206' title='bbox 439 3596 621 3661; x_wconf 88' lang='lat' dir='ltr'>decurrere</span> <span class='ocrx_word' id='word_1_207' title='bbox 650 3594 775 3663; x_wconf 89' lang='lat' dir='ltr'>solitus</span> <span class='ocrx_word' id='word_1_208' title='bbox 798 3606 882 3682; x_wconf 86' lang='lat' dir='ltr'>erat,</span> <span class='ocrx_word' id='word_1_209' title='bbox 938 3596 1009 3665; x_wconf 88' lang='lat' dir='ltr'>bris</span> <span class='ocrx_word' id='word_1_210' title='bbox 1038 3596 1206 3665; x_wconf 87' lang='lat' dir='ltr'>historiae</span> <span class='ocrx_word' id='word_1_211' title='bbox 1241 3598 1370 3682; x_wconf 90' lang='lat' dir='ltr'>scribit,</span> <span class='ocrx_word' id='word_1_212' title='bbox 1404 3598 1502 3684; x_wconf 90' lang='lat' dir='ltr'>quod</span> 
     </span>
     <span class='ocr_line' id='line_1_31' title="bbox 320 3701 1503 3789; baseline 0.003 -21"><span class='ocrx_word' id='word_1_213' title='bbox 320 3725 382 3789; x_wconf 92' lang='lat' dir='ltr'>per</span> <span class='ocrx_word' id='word_1_214' title='bbox 397 3701 673 3770; x_wconf 90' lang='lat' dir='ltr'>innumerabiles</span> <span class='ocrx_word' id='word_1_215' title='bbox 681 3714 821 3776; x_wconf 88' lang='lat' dir='ltr'>meatus</span> <span class='ocrx_word' id='word_1_216' title='bbox 837 3706 882 3771; x_wconf 91' lang='lat' dir='ltr'>ad</span> <span class='ocrx_word' id='word_1_217' title='bbox 939 3706 1035 3774; x_wconf 90' lang='lat' dir='ltr'>omni</span> <span class='ocrx_word' id='word_1_218' title='bbox 1069 3727 1176 3773; x_wconf 90' lang='lat' dir='ltr'>censu</span> <span class='ocrx_word' id='word_1_219' title='bbox 1206 3727 1272 3772; x_wconf 88' lang='lat' dir='ltr'>suo</span> <span class='ocrx_word' id='word_1_220' title='bbox 1307 3704 1404 3771; x_wconf 92' lang='lat' dir='ltr'>Mida</span> <span class='ocrx_word' id='word_1_221' title='bbox 1438 3726 1503 3771; x_wconf 87' lang='lat' dir='ltr'>rex</span> 
     </span>
     <span class='ocr_line' id='line_1_32' title="bbox 320 3807 1500 3900; baseline 0.003 -26"><span class='ocrx_word' id='word_1_222' title='bbox 320 3807 538 3894; x_wconf 85' lang='lat' dir='ltr'>irrigandam</span> <span class='ocrx_word' id='word_1_223' title='bbox 551 3831 652 3876; x_wconf 90' lang='lat' dir='ltr'>suam</span> <span class='ocrx_word' id='word_1_224' title='bbox 663 3810 883 3900; x_wconf 89' lang='lat' dir='ltr'>provinciam</span> <span class='ocrx_word' id='word_1_225' title='bbox 941 3814 1123 3881; x_wconf 90' lang='lat' dir='ltr'>Pactolum</span> <span class='ocrx_word' id='word_1_226' title='bbox 1156 3812 1322 3896; x_wconf 83' lang='lat' dir='ltr'>fluvium,</span> <span class='ocrx_word' id='word_1_227' title='bbox 1367 3810 1427 3898; x_wconf 91' lang='lat' dir='ltr'>qui</span> <span class='ocrx_word' id='word_1_228' title='bbox 1462 3810 1500 3878; x_wconf 93' lang='lat' dir='ltr'>in</span> 
     </span>
    </p>
   </div>
   <div class='ocr_carea' id='block_1_7' title="bbox 323 3913 1614 4006">
    <p class='ocr_par' dir='ltr' id='par_1_8' title="bbox 323 3913 1614 4006">
     <span class='ocr_line' id='line_1_33' title="bbox 323 3913 1614 4006; baseline 0.007 -27"><span class='ocrx_word' id='word_1_229' title='bbox 323 3913 510 3999; x_wconf 88' lang='lat' dir='ltr'>derivavit,</span> <span class='ocrx_word' id='word_1_230' title='bbox 556 3937 690 4003; x_wconf 89' lang='lat' dir='ltr'>suaque</span> <span class='ocrx_word' id='word_1_231' title='bbox 728 3940 885 4006; x_wconf 88' lang='lat' dir='ltr'>expensa</span> <span class='ocrx_word' id='word_1_232' title='bbox 938 3942 1035 3987; x_wconf 88' lang='lat' dir='ltr'>mare</span> <span class='ocrx_word' id='word_1_233' title='bbox 1058 3921 1240 3986; x_wconf 88' lang='lat' dir='ltr'>decurrere</span> <span class='ocrx_word' id='word_1_234' title='bbox 1268 3919 1393 3986; x_wconf 91' lang='lat' dir='ltr'>solitus</span> <span class='ocrx_word' id='word_1_235' title='bbox 1417 3928 1509 4003; x_wconf 75' lang='lat' dir='ltr'>erat,</span> <span class='ocrx_word' id='word_1_236' title='bbox 1610 3941 1614 3952; x_wconf 89' lang='lat'>·</span> 
     </span>
    </p>
   </div>
   <div class='ocr_carea' id='block_1_8' title="bbox 321 4021 1508 4332">
    <p class='ocr_par' dir='ltr' id='par_1_9' title="bbox 321 4021 1508 4332">
     <span class='ocr_line' id='line_1_34' title="bbox 321 4021 1503 4115; baseline 0.004 -28"><span class='ocrx_word' id='word_1_237' title='bbox 321 4021 471 4091; x_wconf 88' lang='lat' dir='ltr'>avaritia</span> <span class='ocrx_word' id='word_1_238' title='bbox 481 4023 634 4092; x_wconf 81' lang='lat' dir='ltr'>fluvium</span> <span class='ocrx_word' id='word_1_239' title='bbox 646 4025 797 4092; x_wconf 86' lang='lat' dir='ltr'>fertilem</span> <span class='ocrx_word' id='word_1_240' title='bbox 809 4026 884 4092; x_wconf 91' lang='lat' dir='ltr'>red·</span> <span class='ocrx_word' id='word_1_241' title='bbox 938 4050 1001 4115; x_wconf 91' lang='lat' dir='ltr'>per</span> <span class='ocrx_word' id='word_1_242' title='bbox 1016 4026 1292 4095; x_wconf 90' lang='lat' dir='ltr'>innumerabiles</span> <span class='ocrx_word' id='word_1_243' title='bbox 1303 4036 1443 4093; x_wconf 89' lang='lat' dir='ltr'>meatus</span> <span class='ocrx_word' id='word_1_244' title='bbox 1455 4026 1503 4092; x_wconf 90' lang='lat' dir='ltr'>ad</span> 
     </span>
     <span class='ocr_line' id='line_1_35' title="bbox 321 4129 1508 4222; baseline 0.001 -25"><span class='ocrx_word' id='word_1_245' title='bbox 321 4129 419 4199; x_wconf 85' lang='lat' dir='ltr'>didit</span> <span class='ocrx_word' id='word_1_246' title='bbox 478 4131 575 4201; x_wconf 91' lang='lat' dir='ltr'>Mida</span> <span class='ocrx_word' id='word_1_247' title='bbox 614 4132 710 4201; x_wconf 92' lang='lat' dir='ltr'>enim</span> <span class='ocrx_word' id='word_1_248' title='bbox 748 4132 884 4200; x_wconf 86' lang='lat' dir='ltr'>Graece</span> <span class='ocrx_word' id='word_1_249' title='bbox 938 4131 1155 4222; x_wconf 88' lang='lat' dir='ltr'>irrigandam</span> <span class='ocrx_word' id='word_1_250' title='bbox 1179 4132 1398 4222; x_wconf 91' lang='lat' dir='ltr'>provinciam</span> <span class='ocrx_word' id='word_1_251' title='bbox 1414 4131 1508 4199; x_wconf 81' lang='lat' dir='ltr'>deri·</span> 
     </span>
     <span class='ocr_line' id='line_1_36' title="bbox 321 4237 1507 4332; baseline 0.003 -27"><span class='ocrx_word' id='word_1_252' title='bbox 321 4239 421 4327; x_wconf 90' lang='lat' dir='ltr'>quasi</span> <span class='ocrx_word' id='word_1_253' title='bbox 444 4242 548 4332; x_wconf 77' lang='grc' dir='ltr'><em>μηδὲν</em></span> <span class='ocrx_word' id='word_1_254' title='bbox 571 4239 650 4310; x_wconf 78' lang='lat' dir='ltr'>idu&#39;v</span> <span class='ocrx_word' id='word_1_255' title='bbox 677 4238 814 4327; x_wconf 89' lang='lat' dir='ltr'>dicitur,</span> <span class='ocrx_word' id='word_1_256' title='bbox 847 4238 882 4307; x_wconf 90' lang='lat' dir='ltr'>id</span> <span class='ocrx_word' id='word_1_257' title='bbox 938 4240 1037 4309; x_wconf 90' lang='lat' dir='ltr'>vavit</span> <span class='ocrx_word' id='word_1_258' title='bbox 1049 4264 1182 4329; x_wconf 91' lang='lat' dir='ltr'>suaque</span> <span class='ocrx_word' id='word_1_259' title='bbox 1191 4237 1507 4329; x_wconf 88' lang='lat' dir='ltr'>expensaavaritia</span> 
     </span>
    </p>
   </div>
   <div class='ocr_carea' id='block_1_9' title="bbox 0 0 1700 4867">
    <p class='ocr_par' dir='ltr' id='par_1_10' title="bbox 0 0 1700 4867">
     <span class='ocr_line' id='line_1_37' title="bbox 0 0 1700 4867; baseline 0 0"><span class='ocrx_word' id='word_1_260' title='bbox 0 0 1700 4867; x_wconf 95' lang='lat' dir='ltr'> </span> 
     </span>
    </p>
   </div>
  </div>
 </body>
</html>
