3367 4867
672 310 872 372 ..3-

184 517 397 586 continebat.
449 519 530 601 Quo
565 516 654 584 libro
689 539 769 584 cnm
803 529 923 586 vetere
961 517 1023 585 illo
1057 516 1253 604 Reginensi
1294 519 1362 584 col-

183 627 257 692 lato
281 623 445 713 apparuit
469 635 658 711 utrumque
674 624 839 691 omnibus
863 623 949 692 locis
973 623 1172 693 consentire
1195 624 1362 712 illiusque

183 732 314 800 codicis
349 733 494 798 lacunas
529 732 597 798 hoc
631 731 824 799 recentiore
859 743 895 799 et
926 730 1067 818 integro
1099 734 1190 799 bene
1218 732 1359 822 expleri.

180 839 407 923 „Secundum
434 861 520 926 ergo
549 840 854 927 Mythographum
883 838 1021 927 antiqui
1050 837 1180 907 codicis
1213 839 1361 906 auctori·

184 958 258 1014 tate
292 947 422 1012 tultum
450 945 653 1012 recentioris
687 944 861 1012 beneficio
891 948 1105 1034 completum
1134 944 1360 1014 exhibemus“

180 1052 283 1139 (Maii
307 1054 412 1140 praet
429 1077 461 1141 p.
478 1053 533 1140 X).

292 1159 362 1228 Sed
385 1158 585 1226 felicissime
600 1159 688 1226 mihi
713 1159 849 1243 accidit,
873 1170 914 1227 ut
938 1158 1081 1227 tertium
1102 1169 1282 1248 praeterea
1306 1183 1361 1226 co

179 1266 297 1334 dicem
321 1266 460 1332 duobus
484 1290 505 1333 a
522 1266 617 1333 Maio
640 1266 786 1355 prolatis
809 1265 944 1354 possim
959 1265 1103 1334 adicere.
1140 1265 1359 1353 Benignitati

181 1373 278 1440 enim
303 1375 345 1441 G.
362 1373 543 1459 Wissowa,
567 1372 803 1461 praeceptoris
818 1372 1056 1456 illustrissimi,
1079 1371 1245 1440 notitiam
1269 1373 1361 1440 codi-

179 1480 234 1547 -cis
266 1480 553 1550 Vindobonensis
585 1485 651 1547 No.
676 1485 763 1547 3120
803 1479 978 1548 chartacei
1014 1503 1100 1547 saec
1126 1483 1195 1549 XV
1234 1479 1360 1554 litteris

182 1588 318 1657 exarati
328 1591 349 1675 ¹)
379 1589 499 1672 debeo,
528 1588 587 1675 qui
612 1588 782 1657 Firmiani
812 1587 990 1660 Lactantii
1016 1587 1227 1655 Divinarum
1257 1587 1361 1656 Insti-

83 1717 89 1732 ·
184 1694 364 1763 tutionum
388 1694 486 1762 libris
513 1705 649 1783 septem
673 1694 820 1781 aliisque
845 1695 1024 1783 opusculis
1052 1694 1253 1784 praemissis
1276 1693 1360 1768 inde

180 1826 206 1869 a
234 1803 472 1885 1012171-
499 1806 590 1883 2455
617 1803 921 1890 Mythographum
950 1804 1145 1868 secundum
1173 1824 1286 1888 usque
1314 1802 1359 1868 ad

184 1910 324 1976 fabulae
351 1915 451 1993 l52pr
482 1910 589 1976 verba
617 1909 818 1975 Balearicae
841 1910 969 1974 amori
988 1914 1022 1974 et
1045 1910 1171 1973 mazim'
1192 1908 1358 1976 continet

185 2015 323 2082 Deinde
350 2039 480 2083 novem
503 2038 670 2083 versuum
700 2015 815 2103 spatio
838 2015 960 2083 relicto
988 2014 1025 2081 in
1050 2014 1134 2081 folio
1158 2014 1359 2101 insequenti

182 2122 314 2209 viginti
343 2123 500 2212 quinque
527 2124 668 2190 fabulae
696 2146 740 2190 ex
767 2122 1000 2210 Argumentis
1025 2123 1359 2210 Metamorphoseon

184 2229 304 2297 Ovidii
334 2232 465 2297 electae
493 2242 577 2297 sunt
605 2232 792 2299 subnexae.
845 2230 916 2297 Hic
944 2229 1063 2312 cadere,
1092 2251 1196 2316 quem
1225 2252 1246 2295 a
1274 2227 1360 2297 viris

183 2336 438 2419 illustrissimis,
456 2336 515 2423 qui
533 2338 723 2404 Caesareae
738 2337 974 2405 bibliothecae
981 2335 1250 2406 Vindobonensi
1263 2359 1360 2424 prae-

180 2454 277 2526 sunt,
306 2443 451 2511 comiter
479 2447 592 2511 Halas
616 2446 799 2512 Saxonum
828 2444 1075 2512 transmissum
1104 2467 1184 2510 cum
1214 2454 1314 2511 textu
1339 2468 1360 2511 a

185 2548 280 2617 Maio
309 2562 344 2618 et
372 2550 482 2617 Bodio
514 2550 609 2619 edito
638 2551 827 2639 diligenter
856 2552 999 2635 contuli,
1031 2551 1128 2617 haud
1159 2573 1310 2636 magnas
1338 2573 1359 2616 a

184 2658 323 2724 duobus
346 2657 525 2725 codicibus
549 2659 666 2725 adhuc
689 2657 783 2725 notis
810 2658 956 2746 praebet
979 2655 1249 2744 discrepantias·
1288 2655 1359 2723 Sed

183 2764 269 2849 quin
300 2765 345 2830 ad
373 2764 567 2850 genuinam
596 2763 777 2852 archetypi
806 2766 956 2831 formam
987 2764 1263 2851 recuperandam
1291 2762 1359 2829 hac

183 2870 372 2938 collatione
400 2871 582 2958 aliquanto
610 2870 755 2961 propius
783 2871 1040 2955 accesserimus,
1068 2872 1174 2958 plane
1202 2893 1273 2936 non
1298 2871 1360 2937 du-

183 2976 267 3044 bito.
315 2980 517 3045 Nonnullae
546 2991 665 3046 autem
688 3001 743 3045 res
772 2977 859 3046 satis
883 2978 1014 3066 dignae
1041 2978 1129 3044 mihi
1154 2977 1251 3045 visae
1275 2989 1360 3045 sunt

179 3098 388 3153 memoratu.

294 3191 507 3280 Fabularum
531 3192 690 3258 ordinem
714 3216 755 3259 ac
778 3192 1047 3281 dispositionem
1075 3217 1096 3259 a
1120 3192 1261 3259 librario
1285 3193 1358 3259 cod.

183 3296 288 3365 Vind.
313 3298 512 3367 adhibitum
536 3323 607 3366 non
624 3301 730 3388 plane
746 3302 898 3367 eundem
920 3323 996 3367 esse
1012 3311 1119 3386 atque
1134 3299 1171 3366 in
1189 3300 1261 3366 cod.
1279 3304 1359 3368 Vat.

184 3403 337 3492 primum
367 3417 421 3472 est
443 3409 668 3473 monendum.
720 3411 814 3474 Nam
842 3409 947 3474 {aba
972 3429 1052 3473 cum
1072 3413 1098 3489 l,
1126 3408 1193 3473 fab.
1212 3411 1254 3473 90
1278 3428 1358 3471 cum

182 3515 237 3594 89,
260 3513 326 3579 tab.
345 3517 387 3579 92
412 3534 493 3580 cum
517 3518 569 3598 91,
592 3516 659 3581 lab.
680 3519 741 3579 122
766 3535 847 3580 cum
867 3518 924 3579 121
945 3514 1154 3580 coniunctae
1170 3525 1267 3597 sunt,
1290 3514 1358 3580 tab.

188 3621 249 3683 137
274 3630 309 3686 et
335 3624 397 3685 138
414 3621 530 3686 locum
553 3620 646 3688 inter
669 3643 707 3687 se
722 3631 1025 3709 permutaverunt3
1050 3615 1359 3687 10111481111111113

183 3735 239 3791 est
254 3724 412 3808 discissa3
438 3728 504 3793 fab.
526 3732 595 3795 149.
616 3732 677 3793 150
694 3751 766 3795 11110
782 3750 930 3795 numero
950 3732 1011 3794 146
1029 3726 1263 3817 continentur.
1288 3729 1358 3795 Sed

184 3841 220 3897 et
243 3832 381 3899 numeri
405 3845 441 3900 et
463 3856 597 3920 magna
612 3834 754 3921 quidem
778 3845 938 3923 exparte
955 3858 1045 3923 quae
1062 3834 1214 3921 singulis
1229 3835 1360 3902 tabulis

183 3938 441 4026 superscriptae
464 3952 548 4008 sunt
572 3965 592 4008 a
612 3964 722 4008 manu
742 3941 935 4030 posteriore
951 3942 1072 4009 addita
1093 3964 1169 4008 esse
1184 3942 1360 4030 videntur,

182 4066 265 4109 cum
294 4046 431 4112 numeri
459 4070 521 4134 per
555 4071 614 4115 eas
648 4071 788 4136 quoque
822 4050 961 4116 fabulas
996 4049 1233 4137 porrigantur,
1273 4070 1362 4134 quae

184 4208 397 4219 *ΨΜ-..-

296 4262 319 4345 ¹)
343 4266 449 4324 Codex
474 4268 787 4328 Vindobonensis:
810 4270 848 4325 V.

1262 4410 1295 4463 l*
