3367 4867
806 344 1028 406 ,36-

329 577 473 622 versum
496 553 582 622 dicit
603 553 721 621 media
745 563 860 621 aetate
883 556 1134 642 pervulgatum
1158 575 1230 619 non
1253 564 1338 620 ante
1353 574 1442 621 saec.
1458 555 1515 618 IX

331 672 458 730 natum
487 684 572 745 esse,
605 683 686 728 eum
719 672 755 728 et
783 681 907 727 versus
935 658 1116 732 Leoninus
1144 658 1191 727 sit
1217 671 1254 728 et
1282 682 1353 726 vox
1382 660 1518 725 baz'eclal

332 779 474 856 propter
506 770 648 837 brevem
684 768 858 855 syllabam
893 768 932 832 ba
967 777 1089 834 contra
1126 769 1224 853 leges
1262 765 1426 834 metricas
1455 789 1520 834 ve·

332 873 542 943 tustioribus
558 874 775 962 temporibus
791 873 981 961 diligenter
997 875 1200 941 observatas
1215 886 1346 962 peccet.
1386 877 1521 960 Itaque

332 983 429 1048 hunc
463 1004 604 1049 versum
638 981 675 1049 in
704 981 857 1067 Myth.I
890 987 952 1048 110
986 981 1203 1048 inculcatum
1238 1003 1326 1064 esse,
1361 1004 1406 1047 ex
1441 1002 1522 1068 quo

334 1089 447 1174 Myth.
472 1092 507 1154 II
533 1100 568 1157 et
592 1092 646 1154 III
671 1088 947 1175 exscripsissent.

493 1290 561 1353 tab.
589 1290 746 1363 lber-2⁹
772 1288 811 1352 cb
837 1288 942 1372 Verg.
959 1287 1018 1353 Ae.
1036 1288 1125 1355 VIII
1150 1290 1227 1351 324:

495 1411 611 1479 Aurea
635 1432 726 1497 quae
749 1410 938 1496 perhibent
960 1410 1021 1477 illo
1045 1412 1115 1477 sub·
1134 1432 1219 1496 rege
1241 1412 1340 1477 {uere

495 1518 642 1584 saecula
689 1515 749 1584 Sic
771 1515 909 1604 placida
932 1517 1081 1604 populos
1105 1515 1140 1583 in
1165 1538 1251 1603 pace
1273 1516 1429 1603 regebat,

438 1647 441 1655 ·
496 1622 647 1690 deterior
670 1624 782 1691 donec
805 1622 977 1710 paulatim
1002 1646 1041 1690 ac
1065 1625 1205 1691 decolor
1228 1635 1325 1691 aetas

497 1740 534 1797 et
556 1728 639 1797 belli
663 1729 777 1798 rabies
801 1742 838 1799 et
860 1753 959 1799 amor
982 1730 1151 1799 successit
1174 1729 1339 1799 habendi.

444 1841 628 1905 Praeterea
653 1841 748 1925 Hyg.
774 1841 864 1905 Astr.
895 1841 991 1905 1125
1019 1861 1052 1925 p.
1075 1843 1156 1921 67,2⁴
1182 1849 1218 1905 et
1242 1842 1319 1915 uua.
1344 1838 1408 1906 Ov.
1429 1848 1521 1904 met.

336 1949 354 2009 I
382 1948 453 2011 150.
477 1944 580 2012 Probi
594 1967 716 2012 comm.
734 1947 778 2011 ad
791 1945 855 2013 Ge.
873 1949 889 2011 Ι
907 1950 963 2012 32:
989 1943 1138 2028 Iustitia,
1162 1944 1300 2013 Astraei
1316 1943 1399 2028 fitia,
1422 1966 1520 2031 quae

337 2073 417 2118 cum
440 2063 576 2119 morata
600 2063 694 2120 esset
716 2074 822 2120 aureo
847 2063 883 2119 et
906 2064 1076 2140 argenteo
1099 2054 1240 2121 saeculo
1263 2073 1344 2118 cum
1364 2049 1523 2118 homini·

336 2160 412 2242 bus,
435 2160 547 2226 ferreo
571 2161 710 2225 saeculo
727 2181 765 2227 se
779 2159 913 2246 recepit
928 2157 964 2225 in
982 2160 1127 2241 caelum,
1151 2157 1233 2246 quia
1249 2160 1342 2226 ultra
1358 2157 1395 2225 in
1413 2157 1520 2225 terris

337 2266 457 2333 sedem
480 2286 552 2331 non
577 2263 743 2332 habuerit
770 2288 836 2333 nec
860 2264 1069 2333 sustinuerit
1096 2289 1134 2334 se
1160 2264 1346 2333 hominum
1374 2263 1518 2333 misceri

337 2370 534 2441 sceleribus.

444 2504 475 2546 v.
494 2483 535 2545 28
561 2501 640 2546 cum
665 2477 759 2547 dicta
782 2501 899 2547 sorore
923 2502 988 2547 sua
1012 2479 1185 2546 Pudicitia
1208 2484 1249 2549 V.

498 2682 562 2745 inb.
583 2681 708 2754 lea—³
734 2699 754 2744 e
778 2698 900 2743 comm.
926 2679 970 2743 ad
994 2678 1099 2763 Verg.
1123 2675 1236 2742 fluxit
1362 2690 1365 2694 ’

445 2807 511 2869 ν.1
539 2804 631 2889 quod
645 2803 867 2889 pestilentiae
890 2803 1051 2886 deussit,
1075 2803 1114 2867 cf.
1139 2802 1173 2870 S.
1198 2802 1270 2871 Ecl.
1288 2805 1322 2871 V
1345 2806 1401 2868 66:
1442 2805 1523 2870 Ho-

337 2931 456 2975 merus
472 2910 625 2975 eundem
642 2921 715 2975 tam
727 2908 952 2997 pestilentiae
968 2907 1054 2976 dicit
1070 2931 1176 2995 quam
1189 2902 1314 2976 salutis
1326 2919 1518 2978 auctorem.

446 3039 477 3081 v.
496 3019 582 3082 2-3
598 3041 642 3075 =
658 3015 691 3083 S.
710 3018 769 3082 Ae.
787 3018 839 3084 IV
863 3021 920 3082 58:
953 3016 1174 3103 Phoeboque]
1205 3015 1265 3103 qui
1294 3027 1433 3102 praeest
1457 3039 1525 3083 au*

339 3115 467 3209 spiciis‚
492 3120 621 3208 quibus
645 3123 750 3188 urbes
773 3132 955 3209 reguntur.

446 3252 476 3294 v.
494 3232 581 3294 5-8
607 3229 646 3294 cf.
671 3228 705 3296 S.
729 3231 821 3295 Aei
849 3232 919 3296 132.
944 3233 994 3298 VI
1020 3235 1093 3297 580.
1118 3233 1153 3296 X
1177 3234 1249 3296 216.

446 3340 516 3403 ν.6
540 3336 636 3404 Serv.
661 3336 721 3402 Ae.
744 3339 760 3400 1
789 3339 851 3401 132
880 3337 925 3404 de
947 3338 1095 3404 Astraeo
1123 3335 1223 3404 dicit:
1263 3360 1356 3404 unus
1385 3340 1428 3405 de
1455 3337 1525 3405 Ti*

340 3443 491 3527 mnibus,
515 3443 575 3530 qui
600 3455 721 3511 contra
744 3445 828 3510 deos
852 3465 949 3509 amia
972 3455 1206 3530 sumpserunt.

499 3645 563 3709 tab.
581 3644 726 3719 uta-1⁵
753 3641 793 3707 cf.
815 3640 914 3708 Serv.
939 3641 1033 3708 Ael
1059 3645 1123 3708 663
1150 3663 1180 3727 p.
1202 3647 1271 3708 190.

447 3790 478 3832 v.
493 3770 512 3830 8
526 3763 688 3832 similiter
703 3765 798 3852 apud
814 3762 896 3830 Isid.
911 3766 968 3832 Or.
981 3768 1070 3834 VIII
1087 3771 1135 3848 11,
1149 3770 1192 3833 80
1203 3766 1309 3834 redit:
1327 3765 1523 3854 Sagittam,

340 3870 423 3958 quia
446 3894 544 3939 amor
568 3895 626 3940 cor
649 3873 820 3940 vulnerat

447 4004 478 4046 v.
496 3984 605 4045 9-15
631 3978 801 4049 Rationes
825 4004 846 4046 a
869 3979 993 4048 Servio
1017 3982 1144 4050 allatae
1160 4004 1302 4069 prorsus
1318 3981 1407 4049 aliae
1431 3993 1520 4049 sunt

341 4096 448 4175 atque
471 4089 565 4174 apud
581 4086 885 4176 Mythographum
908 4099 1082 4172 nostrum3
1106 4111 1177 4155 non
1195 4088 1424 4157 consentiunt
1446 4087 1521 4156 nisi

340 4216 413 4261 uno
436 4194 513 4262 loeo
536 4219 567 4263 v.
588 4200 626 4261 12
651 4195 762 4265 Serve
791 4196 906 4263 alatus
929 4206 1049 4263 autem
1072 4194 1152 4263 ideo
1176 4207 1238 4278 est,
1262 4194 1345 4283 quia
1369 4195 1526 4264 amanti-

339 4302 407 4368 bus
431 4324 498 4370 nec
519 4302 634 4370 levius
658 4300 791 4392 aliquid
814 4325 881 4370 nec
903 4300 1109 4370 mutabilius
1133 4301 1321 4372 invenitur.
