3367 4867
730 267 953 329 ..76-

360 500 393 544 v.
411 480 453 543 35
477 479 510 545 V
537 485 574 543 et
605 474 767 542 nonnulli
797 475 933 544 codices
957 477 1061 563 Fulg.
1087 479 1179 564 quod
1199 478 1365 561 inveniam
1396 480 1429 543 R

251 581 371 653 etalii
396 582 533 651 codices
557 582 661 669 Fulg.
687 583 776 670 quid
795 584 964 650 invenias.

358 732 392 776 v.
410 712 452 774 40
478 712 561 774 Post
584 708 736 774 trt'buens
758 706 795 775 in
820 710 853 773 R
870 711 903 777 V
925 706 1079 795 legimus
1104 730 1190 795 quae
1206 709 1354 790 litteras,¹
1378 705 1430 774 ita

253 813 361 882 etiam
395 813 556 882 versibus
591 836 720 881 novem
754 837 936 881 musarum
971 816 1023 901 (cl.
1054 816 1232 882 Baehrens
1266 817 1286 881 l.
1311 815 1344 901 l.)
1377 815 1430 882 in-

253 920 424 1008 scriptum
448 931 509 987 est

359 1070 390 1113 v.
408 1050 450 1112 42
475 1046 577 1132 Fulg.
601 1055 637 1113 et
660 1049 692 1115 V
717 1048 809 1133 quod
828 1048 1015 1112 delectatus
1037 1069 1078 1112 es.

359 1174 425 1238 v.l
453 1173 486 1239 V
514 1180 550 1237 et
573 1170 675 1257 Fulg.
705 1171 802 1238 codd.
830 1181 969 1259 praeter
997 1174 1033 1236 H
1070 1174 1111 1236 de
1146 1177 1205 1236 tuo
1237 1172 1352 1237 simile
1384 1173 1434 1236 ad

254 1280 347 1364 quod
371 1278 565 1344 memineris
593 1278 653 1364 (ad
677 1263 763 1364 quae
790 1278 988 1344 memineris
1011 1278 1064 1365 V).
1112 1279 1324 1364 Legendum
1352 1300 1430 1345 esse

253 1383 397 1467 conicio,
432 1385 525 1471 quod
549 1384 652 1470 Fulg.
682 1386 755 1451 cod,
780 1387 817 1449 H
847 1383 990 1452 exhibet
1016 1386 1130 1451 simile
1158 1386 1302 1471 aliquid,
1342 1386 1434 1472 quod

255 1492 460 1566 memineris,
485 1513 568 1558 nam
592 1492 632 1557 cf.
657 1514 764 1580 supra
787 1516 818 1558 v.
836 1496 893 1558 32:
919 1505 1066 1560 conatur
1082 1491 1215 1580 aliquid
1231 1490 1297 1558 sibi
1315 1489 1429 1558 simile

253 1598 299 1664 de
322 1620 386 1664 suo
410 1597 577 1666 invenire.

360 1727 428 1789 v.2
458 1746 532 1809 quo
566 1724 702 1789 iudicas
724 1726 765 1808 V,
801 1726 906 1810 quod
931 1725 1060 1790 sadrius
1084 1728 1125 1808 R,
1161 1726 1207 1790 de
1235 1748 1311 1812 quo
1339 1726 1429 1790 iudi-

252 1852 309 1895 cas
331 1829 433 1917 Fulg.

360 1958 515 2024 Versus
536 1979 683 2025 novem
703 1979 924 2040 musarum,
949 1955 1008 2044 qui
1025 1981 1046 2023 a
1063 1958 1135 2023 cod.
1152 1955 1257 2024 Vind.
1274 1967 1310 2023 et
1326 1956 1427 2042 Fulg.

254 2063 393 2146 absunt,
417 2073 541 2130 extant
564 2062 600 2130 in
625 2062 681 2130 his
705 2062 884 2130 codicibus
908 2065 952 2130 ab
976 2067 1072 2130 Aem
1098 2064 1277 2129 Baehrens
1301 2063 1428 2149 (PLM

253 2171 309 2234 III
335 2173 398 2234 243
420 2171 481 2257 sq.)
505 2169 688 2237 adhibitis:
711 2168 898 2236 Turicensi
921 2172 954 2236 A
977 2192 1065 2236 saec.
1082 2173 1144 2253 IX,
1168 2167 1428 2236 Caroliruhensi

254 2277 281 2340 Β
305 2297 392 2342 saec
409 2280 552 2360 IX-X,
576 2275 751 2346 Vossiano
767 2278 795 2345 C
818 2299 905 2344 saec.
923 2281 966 2361 X,
990 2275 1274 2363 Cantabrigiensi
1292 2280 1324 2341 D
1340 2297 1427 2343 saec.

252 2385 396 2468 X-XI,
422 2382 579 2451 Parisino
603 2385 635 2454 E
659 2407 745 2452 saec.
770 2388 832 2452 XI.
880 2385 1096 2452 Inscribunt:
1442 2388 1448 2395 ’

359 2509 515 2578 Nomina
539 2514 722 2578 Musarum
744 2514 784 2594 A,

359 2622 493 2687 Versus
519 2619 663 2687 Catonis
686 2621 730 2687 de
752 2618 865 2686 musis
888 2621 945 2687 vel
968 2617 1173 2685 nominibus
1195 2615 1375 2705 philorum
1391 2617 1428 2696 B,

361 2726 543 2814 Incipiunt
557 2749 682 2796 versus
693 2726 838 2795 Catonis
855 2725 1055 2813 philosophi
1072 2727 1116 2792 de
1127 2746 1257 2792 novem
1268 2720 1380 2790 musis
1393 2721 1428 2803 C,

360 2833 516 2899 Nomina
538 2856 668 2900 novem
690 2837 874 2901 Musarum
897 2844 933 2900 et
955 2855 1079 2901 versus
1102 2832 1306 2899 earumdem
1330 2831 1372 2911 D,

362 2942 494 3008 Versus
517 2940 561 3005 de
584 2961 713 3007 novem
735 2939 849 3006 musis
872 2952 908 3006 et
930 2938 1076 3007 nomina
1098 2960 1220 3006 earum
1243 2938 1283 3008 E.

361 3100 457 3166 Ordo
480 3120 648 3166 versuum
671 3098 790 3166 varius
814 3111 868 3167 est
888 3102 982 3187 apud
1000 3101 1110 3187 Myth.
1129 3110 1165 3166 et
1180 3099 1216 3164 in
1235 3085 1429 3164 codicibus:

420 3224 530 3309 Myth.
726 3224 832 3291 Codd.
856 3224 956 3290 ΑΒΕ
1022 3225 1024 3238 “
1103 3225 1209 3292 Codd.
1234 3223 1306 3292 DE

361 3346 437 3415 Clio
726 3348 802 3416 Clio
1092 3348 1168 3417 Clio

361 3458 583 3544 Melpomene
726 3458 883 3546 Euterpe
1091 3457 1248 3542 Euterpe

362 3563 546 3649 Polymnia
724 3562 853 3631 Thalia
1091 3562 1219 3630 Thalia

361 3671 518 3758 Euterpe
727 3673 949 3760 Melpomene
1021 3737 1025 3758 Ι
1092 3670 1311 3757 Melpomene

359 3776 591 3863 Terpsichore
725 3777 956 3865 Terpsichore
1070 3832 1072 3839 .
1090 3775 1322 3863 Terpsichore

361 3882 497 3952 Urania
726 3885 835 3954 Erato
1092 3885 1201 3955 Erato

360 3989 489 4058 Thalia
726 3989 862 4061 Urania
1093 3989 1277 4076 Polymnia

360 4098 470 4168 Erato
727 4097 882 4184 Calliope
1091 4096 1228 4167 Urania

360 4204 516 4292 Calliope
655 4168 659 4293 i
727 4206 911 4292 Polymnia
1092 4205 1247 4294 Calliope
