3367 4867
662 243 907 304 —143-

359 452 509 519 Hecuba
532 462 568 520 et
592 453 811 538 Polymestor
833 451 877 540 (v.
895 456 937 518 26
962 457 1078 537 captae
1105 448 1248 539 Trozoel‘

359 560 572 626 Idomeneus
596 559 639 648 (v.
657 563 696 624 41
718 564 799 644 post
820 581 969 624 eversam
997 556 1146 646 Troiam)

359 664 483 734 Ulixes
507 676 543 733 et
560 664 658 733 Circe
681 666 724 754 (v.
742 671 761 731 8
779 672 862 752 post
883 667 1048 731 devictam
1068 664 1216 754 Troiam)

359 771 457 840 Circe
481 785 518 840 et
541 772 652 857 Picus,
678 772 812 856 Phyllis
836 784 873 839 et
896 773 1139 859 Demophoon,
1163 770 1357 844 Laodamia

200 879 267 945 lab.
289 883 360 946 216.
386 883 450 944 217
478 881 587 945 Amor
614 880 764 945 adulter:
800 879 978 965 Cephalus
1001 890 1037 944 et
1061 878 1204 963 Procris,
1231 878 1376 963 Tereus,

359 991 501 1070 Procne,
526 984 719 1053 Philomele

290 1098 362 1159 218.
387 1097 451 1158 219
475 1098 584 1160 Amor
611 1093 721 1159 lidusr
754 1096 851 1160 Hero
881 1104 916 1160 et
944 1094 1115 1176 Leander,
1143 1096 1375 1178 Hymenaeus

289 1204 463 1265 220-222
492 1198 557 1269 Vis
586 1198 795 1266 carminum:
831 1198 1064 1266 Archilochus
1099 1210 1135 1266 et
1170 1197 1375 1283 Lycambes,

359 1303 553 1392 Hipponax
576 1316 612 1373 et
636 1307 801 1393 Bupalus,
824 1304 1002 1391 Tyrtaeus

289 1416 360 1478 223.
386 1417 450 1478 224
475 1411 629 1478 Invidia:
663 1411 880 1500 Timagenes
916 1423 951 1479 et
986 1411 1125 1497 larbita,
1163 1415 1309 1498 Mopsus
1339 1419 1376 1476 et

359 1519 507 1585 Calchas

288 1630 352 1690 225
377 1625 485 1691 Gula:
510 1624 651 1712 Apitius

288 1734 352 1796 226
377 1728 547 1798 Avaritia:
573 1729 736 1818 Opimius

291 1842 363 1903 227.
388 1843 452 1904 228
477 1843 573 1911 Loca
596 1840 703 1906 clara:
729 1840 889 1922 Dodona,
913 1843 1029 1911 Lacus
1053 1836 1229 1910 Lucrinus

287 1950 362 2011 229.
387 1950 451 2011 230
468 1948 550 2011 Duo
566 1946 697 2013 scelera
712 1970 733 2013 a
750 1946 816 2012 diis
832 1945 972 2033 punita:
999 1943 1189 2011 Diomedes
1199 1947 1374 2012 Venerem

357 2049 576 2137 aggreditur,
601 2051 759 2139 Oedipus
781 2064 932 2120 matrem
956 2073 1103 2118 uxorem
1126 2050 1231 2117 ducit.

200 2158 487 2244 Mythographus
510 2155 621 2244 igitur
643 2158 829 2226 materiam
853 2158 904 2227 ita
920 2157 1102 2245 disposuit,
1126 2169 1167 2224 ut
1183 2181 1203 2224 a
1219 2158 1373 2227 Saturno

200 2263 417 2350 summisque
461 2262 528 2331 diis
571 2276 608 2332 et
652 2266 786 2333 deabus
823 2265 967 2333 initium
1012 2265 1154 2352 capiens
1196 2263 1374 2330 minorum

196 2371 351 2454 deorum,
362 2369 541 2457 Titanum,
555 2373 767 2461 Gigantum,
779 2384 912 2457 vatum,
924 2373 1080 2440 virorum
1092 2371 1374 2459 feminarumque

198 2477 369 2543 clararum
385 2480 459 2546 lata
474 2502 515 2546 ac
530 2482 624 2548 lacta
634 2483 772 2562 referat,
788 2479 947 2565 insignia
960 2478 1112 2563 pietatis,
1129 2477 1373 2562 improbitatis,

197 2582 424 2659 fortitudinis,
447 2586 576 2651 amoris
599 2584 713 2650 illiciti
738 2594 774 2649 et
796 2583 861 2649 lidi
884 2585 1055 2668 exempla,
1078 2581 1241 2648 homines
1262 2593 1374 2649 trans-

196 2688 369 2775 figuratos
393 2700 430 2756 et
444 2691 535 2756 bene
550 2690 696 2757 meritos
719 2700 926 2775 congereret
949 2686 1101 2774 singulis
1116 2686 1245 2754 fabulis
1268 2709 1373 2755 suum

195 2796 313 2862 locum
356 2795 568 2864 tenentibus.
631 2797 687 2862 Ad
730 2818 865 2863 novum
915 2793 1223 2861 commentationis
1267 2804 1374 2881 caput

196 2901 372 2969 transiens
395 2926 467 2969 non
491 2925 569 2968 raro
593 2925 613 2968 a
638 2902 733 2970 Iovis
757 2900 876 2970 liberis
899 2900 1046 2968 orditur:

325 3010 393 3075 lab.
419 3014 547 3074 17-28
587 3010 632 3076 de
656 3009 751 3077 Iovis
775 3021 811 3077 et
834 3014 995 3081 Latonae
1018 3006 1137 3076 liberis

416 3120 546 3183 75-83
587 3118 630 3183 de
655 3117 750 3184 Iovis
775 3128 811 3184 et
834 3116 932 3183 Ionis
955 3115 1030 3183 lilio

410 3226 560 3289 93-101
588 3224 632 3291 de
656 3222 752 3291 Iovis
775 3235 811 3291 et
835 3222 970 3292 Cereris
993 3223 1067 3291 lilia

395 3333 568 3395 110-114
593 3333 636 3397 de
660 3331 756 3399 Iovis
780 3345 816 3400 et
840 3336 982 3399 Danaes
1005 3330 1080 3396 lilio

394 3441 567 3503 120-128
593 3438 636 3503 de
660 3436 756 3505 Iovis
780 3450 817 3505 et
839 3439 1004 3524 Europae
1026 3436 1102 3502 lilio

395 3547 567 3610 132-133
592 3545 636 3609 de
659 3542 755 3610 Iovis
778 3555 814 3612 et
837 3546 956 3617 Ledae
979 3542 1097 3610 liberis

395 3655 567 3718 148-166
592 3652 636 3718 de
660 3648 755 3715 Iovis
779 3662 815 3717 et
836 3653 1029 3717 Alcmenae
1051 3648 1126 3716 filio

395 3762 568 3825 192-200
593 3759 636 3824 de
660 3755 756 3824 Iovis
780 3768 816 3824 et
840 3758 1003 3827 Electrae
1026 3755 1101 3823 lilio

196 3864 303 3927 Hanc
330 3883 453 3929 sanam
481 3887 521 3930 ac
548 3861 766 3951 probabilem
794 3865 995 3931 fabularum
1030 3860 1297 3951 dispositionem
1322 3862 1370 3927 'ad

196 3967 549 4054 Mythographum
584 3970 761 4059 primum
800 3972 1034 4038 revocandam
1073 3992 1145 4038 non
1185 3992 1261 4037 esse
1299 3967 1370 4034 iam

194 4072 327 4161 primas
355 4074 432 4141 eius
459 4077 596 4145 fabulas
620 4077 883 4147 conferentibus
911 4077 1014 4145 nobis
1041 4076 1266 4166 perspicuum
1290 4072 1369 4142 erit:

286 4182 397 4266 Myth.
422 4185 439 4247 Ι
467 4188 480 4247 1
508 4183 551 4250 de
576 4187 785 4255 Prometheo
937 4214 973 4239 ·-·
997 4186 1107 4270 Myth.
1133 4185 1324 4251 1163-65
