3367 4867
691 253 936 313 -141-

221 464 290 531 iab.
312 467 443 529 51-65
466 462 615 531 Titanes
631 463 807 550 Gigantes
823 460 884 529 alii
898 472 1042 548 propter
1057 459 1242 528 audaciam
1264 483 1285 526 a
1309 463 1398 526 Iove

541 568 671 658 puniti:

462 683 500 744 51
528 680 698 744 Astraeus
720 675 839 760 Titan,
864 674 963 743 cuius
986 675 1052 742 lilii
1075 673 1175 744 venti

461 790 502 850 52
527 788 725 854 Ventorum
747 805 810 849 rex
832 784 964 849 Aeolus

462 897 503 958 53
528 891 704 979 Gigantes

461 1004 503 1064 54
527 1001 570 1065 In
596 998 796 1085 Gigantum
819 999 912 1065 bello
935 995 1092 1067 Victoria
1116 996 1193 1064 Iovi
1217 998 1314 1063 lavet

461 1111 503 1171 55
528 1108 620 1173 Otus
643 1115 680 1172 et
703 1104 889 1192 Ephialtes

461 1217 504 1279 56
528 1213 739 1282 Salmoneus

461 1326 503 1386 57
529 1320 713 1387 Phaethon

461 1430 592 1493 58-62
606 1426 834 1512 Lycaon,lilia
847 1426 1136 1509 Callisto,Icarus,
1147 1421 1398 1509 liliaErigone,

541 1532 638 1600 canis
662 1537 789 1619 Maera,
814 1533 945 1601 Chiron
968 1531 1062 1599 inter
1083 1531 1198 1600 sidera
1220 1528 1351 1618 recepti

462 1645 592 1708 ott-„65
617 1642 848 1708 Prometheus

312 1753 353 1815 66
378 1747 552 1816 Homines
574 1748 674 1835 probi
698 1747 840 1816 virtutis
863 1746 1060 1835 praemium
1081 1745 1274 1813 consecuti:
1300 1746 1397 1813 Cleo·

382 1856 435 1923 bis
459 1868 495 1922 et
518 1856 598 1923 Bito

311 1968 441 2029 67-74
467 1963 641 2031 Homines
670 1962 819 2051 improbi
848 1961 1031 2050 superbiae
1058 1983 1191 2048 poenas
1217 1961 1400 2026 solventes.

380 2071 493 2135 forma
520 2092 641 2136 eorum
669 2080 919 2138 transmutata:
959 2070 1123 2152 Chelone,
1148 2066 1263 2133 Proeti
1291 2063 1397 2147 filiae,

381 2174 572 2262 Antigone,
595 2178 767 2262 Arachne,
790 2177 915 2262 Niobe,
938 2178 1106 2260 Glaucus,
1135 2196 1249 2262 genus
1272 2174 1396 2239 huma-

382 2304 478 2367 num,
501 2287 619 2369 Lycus
641 2283 797 2372 Antiopa
821 2284 926 2351 Dirce

313 2392 441 2458 75-83
467 2391 608 2481 Epaphi
635 2393 836 2480 progenies:
877 2393 1029 2477 Agenor,
1059 2392 1211 2479 Europa,
1241 2388 1396 2457 Cadums

381 2508 417 2564 et
445 2498 649 2582 Hermiona,
677 2500 816 2567 Semele
848 2508 885 2562 et
919 2497 1032 2580 Liber,
1062 2501 1136 2579 Ino,
1163 2499 1329 2562 Autonoe
1360 2503 1397 2559 et

380 2603 573 2680 Aristaeus
597 2605 723 2688 Agave

311 2713 441 2776 84-88
466 2712 589 2778 Vates:
636 2706 799 2792 Tiresias,
835 2711 1025 2793 Branchus,
1068 2713 1223 2796 Mopsus
1258 2706 1395 2791 Sibylla

381 2815 527 2901 eiusque
549 2813 629 2881 libri

311 2928 441 2989 89-92
466 2921 533 2988 Dei
556 2920 739 3009 Aegyptii:
764 2926 803 2990 Io
824 2921 899 2990 sive
920 2923 996 3007 Isis,
1020 2922 1132 2991 Osiris

311 3030 462 3096 93-101
490 3029 705 3117 Proserpina,
730 3031 842 3114 Ceres,
865 3029 1106 3118 Triptolemus

291 3140 464 3203 102-109
500 3136 675 3204 Homines
717 3136 867 3225 improbi
904 3150 1047 3227 propter
1085 3142 1216 3207 scelera
1261 3159 1396 3225 poenas

382 3244 573 3310 solventes:
612 3243 796 3330 Tantalus,
824 3245 1012 3331 Danaides,
1040 3246 1178 3333 Tityus,
1209 3245 1395 3334 Sisyphus,

382 3348 706 3436 Ixion-Pirithous,
731 3354 911 3441 Phlegyae

292 3461 465 3541 llo-114
490 3461 637 3524 Perseus
660 3458 805 3544 eiusque
835 3483 890 3526 res
920 3470 1042 3526 contra
1063 3459 1251 3544 Gorgones
1275 3468 1310 3525 et
1333 3460 1395 3524 At-

381 3565 514 3632 lantem
538 3575 660 3651 gestae

290 3675 463 3738 ll5-ll9
493 3671 705 3739 Certamina:
744 3671 920 3760 Apollinis
948 3683 984 3738 et
1014 3676 1188 3756 Marsyae,
1234 3671 1394 3762 Neptuni

381 3788 417 3845 et
441 3778 622 3847 Minervae

293 3886 463 3950 120-128
489 3887 606 3954 Minos
630 3898 666 3953 et
690 3886 863 3974 Pasiphae
886 3908 1077 3974 eorumque
1100 3886 1201 3956 liberi

292 3993 462 4055 129-131
490 3995 664 4061 Homines
700 4017 818 4062 amore
851 3995 975 4062 illicito
1011 4004 1047 4061 et
1080 3996 1180 4063 fatali
1210 3994 1372 4083 correpti:

382 4095 501 4181 Orion,
526 4102 715 4186 Perdiccas,
739 4103 966 4171 Sthenoboea

292 4207 366 4273 132:
391 4207 451 4269 133
476 4206 623 4291 Helena,
647 4209 779 4286 Castor,
805 4211 930 4277 Pollux
