3367 4867
787 264 1008 325 ..10-

324 471 498 538 bellantes
525 468 758 558 interpretum
790 494 865 538 ora·

325 576 423 644 tione
434 578 615 645 sedantur:
631 578 727 644 unde
743 600 865 644 secun·

325 685 412 750 dum
444 683 588 757 Livium
622 683 733 771 legati
767 684 865 772 pacis

327 792 574 859 caduceatores
586 790 760 858 dicunter:
773 790 866 858 sicut

326 898 422 965 enim
444 921 507 986 per
528 898 666 966 fetiales
688 922 710 964 α
722 899 866 985 foedere

325 1005 418 1072 bella
441 1005 697 1090 indicebantur,
720 1006 771 1072 ita
794 1028 865 1093 pax

325 1134 388 1199 per
445 1114 692 1182 caduceatores
746 1110 864 1178 fiebat.

331 1221 464 1305 Quibus
492 1222 648 1287 cadurcis
681 1222 747 1286 duo
774 1219 867 1284 malo

328 1329 510 1393 adduntur
522 1349 633 1393 unum
648 1327 744 1392 Solis
765 1326 871 1391 aliud

325 1436 457 1502 Lunae.
503 1436 599 1500 Sane
626 1435 667 1500 de
694 1434 777 1520 ipsis
799 1455 867 1499 ser·

941 472 1114 539 bellantes
1145 471 1376 561 interpretum
1407 493 1484 540 ora-

942 577 1040 645 tione
1063 580 1246 647 sedantur:
1269 580 1365 647 unde

1251 686 1360 774 legati
1384 687 1486 774 pacisv

943 793 1190 860 caduceatores
1199 793 1377 862 dicuntur:
1390 794 1484 863 sicut

943 897 1039 965 enim
1062 921 1124 986 per
1146 900 1288 968 feciales

942 1007 1036 1072 bella
1058 1006 1314 1092 indicebantur,
1337 1007 1388 1076 ita
1410 1030 1483 1098 pax

943 1135 1006 1200 per
1060 1113 1307 1181 caduceatores
1363 1114 1484 1184 fiebat

320 1541 484 1627 pentibus
534 1540 615 1606 Ιιααα
659 1541 772 1627 opziu'o
818 1546 870 1605 est
970 1617 972 1620 v

327 1647 574 1733 thercurius
597 1648 678 1713 haec
701 1652 770 1712 tom
788 1648 867 1726 fera

325 1754 493 1819 animalia
544 1755 758 1828 concordent,
806 1777 867 1819 nos

326 1883 458 1949 quoque
495 1862 697 1927 concordare
742 1861 865 1927 debere.

325 1957 443 2059 ίΕρμῆς
458 1978 578 2035 autem
594 1990 719 2054 graece
738 1966 867 2034 dicitur

327 2067 400 2144 ἇπὸ
429 2080 489 2164 τῆς
517 2073 701 2166 ἑρμηνείας,
738 2072 867 2145 Latine

327 2182 507 2269 interpres
554 2183 650 2247 Sane
684 2182 867 2246 caduceum

320 2294 439 2376 postea
464 2336 471 2352 .
496 2339 503 2352 .
530 2341 537 2355 .

398 2500 493 2568 Serv.
517 2502 577 2567 Ae.
602 2503 672 2568 VII
699 2505 771 2567 790.

304 2630 405 2693 Haec
422 2625 547 2693 Inachi
562 2625 638 2694 filia
649 2625 866 2713 Argivorum

324 2733 483 2800 fluminis
498 2732 574 2801 fuit
610 2737 716 2801 Hanc
732 2731 867 2801 amavit

326 2840 492 2929 Iuppiter.
528 2851 564 2906 et
596 2840 682 2906 dum
709 2863 789 2907 cum
824 2865 865 2909 ea

326 2958 427 3031 esset,
448 2950 538 3013 Iuno
555 2948 768 3034 supervenit
807 2948 866 3015 Ti-

324 3076 426 3122 mens
471 3053 539 3136 ille,
587 3076 632 3119 ne
674 3055 866 3142 deprehen-

326 3164 475 3245 deretur,
503 3163 627 3227 Ionem
649 3162 805 3229 mutavit
826 3162 864 3229 in

308 3254 471 3337 'vaccam
516 3280 552 3335 et
590 3290 668 3335 eam
705 3269 865 3357 poscenti

326 3376 424 3444 dedit
452 3374 595 3458 Iunoni,
623 3398 669 3442 ne
695 3375 865 3463 paelicem

327 3484 569 3566 confiteretur,
599 3482 655 3550 cui
681 3483 772 3549 Iuno
803 3484 866 3549 Ar·

327 3614 423 3677 gum,
471 3593 651 3660 oculatum
701 3588 866 3657 omnibus

325 3697 502 3781 membris,
559 3697 735 3765 Arestoris
794 3698 867 3763 sive

331 3804 455 3870 Terrae
473 3802 598 3889 filium,
623 3827 721 3892 quem
743 3805 869 3871 Gracci

320 3915 496 3996 ponopten
536 3913 717 3998 appellant
753 3921 866 3980 custo

310 4009 408 4083 ¹dem
431 4017 604 4105 adposuit
645 4020 761 4104 Quem
785 4040 866 4085 cum

326 4122 487 4213 Iuppiter
540 4146 603 4213 per
652 4125 866 4194 Mercurium

327 4234 391 4321 qui
439 4255 516 4300 eum
572 4238 676 4300 cantu
716 4233 868 4319 fistulae

943 1954 1064 2053 ίΕρμῆς
1076 1975 1196 2032 autem
1209 1987 1334 2052 graece
1346 1964 1487 2051 dicitur,

1354 2069 1487 2145 Latine

943 2176 1124 2267 interpres,

1032 2501 1143 2585 Myth.
1168 2503 1204 2565 II
1230 2505 1281 2584 89,
1303 2526 1371 2569 2·1o.

923 2628 963 2692 Io
987 2623 1120 2708 Inachi,
1143 2624 1360 2711 Argivorum
1380 2624 1487 2713 regis,

943 2733 1019 2800 filia
1042 2731 1118 2799 fuit
1166 2734 1255 2800 Cum
1279 2755 1349 2819 qua
1366 2743 1484 2800 amata

944 2843 1031 2908 Iove
1057 2851 1220 2908 morante

1033 2950 1124 3014 Iuno
1161 2948 1374 3037 supervenit.
1426 2946 1488 3014 Ti·
1534 2972 1536 2976 ·

942 3076 1043 3121 mens
1088 3055 1157 3138 ille,
1203 3078 1250 3121 ne
1293 3055 1486 3144 deprehen·

944 3162 1093 3246 deretur,
1121 3169 1246 3231 Ionem
1273 3162 1310 3228 in
1340 3182 1486 3229 vaccam

942 3268 1098 3336 mutavit
1134 3282 1170 3336 et
1207 3289 1286 3334 eam
1324 3266 1485 3353 poscenti

944 3373 1083 3458 Iunoni,
1118 3398 1164 3442 ne
1192 3373 1354 3463 pellicem
1378 3371 1489 3439 eonii·

945 3491 1084 3567 teretur,
1123 3480 1228 3549 dedit.
1288 3477 1353 3546 Cui
1393 3482 1484 3546 Iuno

943 3590 1095 3676 Argum,
1138 3585 1322 3654 Aristoclis
1360 3584 1486 3671 filium,
1533 3577 1538 3594 ’

944 3695 1110 3763 omnibus
1121 3691 1288 3761 membris
1305 3694 1485 3762 oculatum

1371 3917 1486 3975 custo·

945 4018 1026 4083 dem
1048 4015 1221 4107 apposuit.
1265 4018 1381 4102 Quem
1403 4033 1486 4081 cum

944 4123 1104 4214 Iuppiter
1133 4146 1195 4213 per
1223 4121 1435 4191 Mercurium
