3367 4867
651 325 873 386 ,g5-

226 552 230 557 ·
284 557 316 600 v.
334 536 377 598 20
399 534 448 599 Et
468 530 626 620 Iuppiter
648 535 787 601 caelum.
834 537 960 622 Neque
977 536 1124 602 verbum
1144 534 1228 602 huic
1244 557 1356 604 enun-

173 638 265 706 tiato
287 639 383 706 inest
402 661 517 726 neque
532 662 706 727 quasnam
720 639 847 708 mundi
863 651 981 729 partes
997 642 1103 709 ceteri
1119 644 1245 710 fratres
1259 654 1354 710 sorte

173 745 376 836 acceperint
390 756 561 814 narratur.
597 747 668 818 Sed
689 770 781 835 quae
804 748 1053 833 desideramus,
1076 748 1114 815 in
1130 753 1164 819 V
1185 749 1352 837 legimus:

176 852 226 924 Et
248 852 408 942 Iuppiter
435 854 580 938 caelum,
613 858 804 942 Neptunus
830 877 937 940 mare,
969 858 1072 924 Pluto
1102 866 1231 924 terram
1258 868 1353 924 sorte

174 959 359 1047 accepisse.
407 960 503 1028 Hinc
525 960 635 1028 etiam
657 965 849 1050 Neptunus
869 963 1024 1030 secunda
1040 962 1144 1030 sortis
1160 1018 1166 1030 .
1183 1016 1214 1032 ..
1261 966 1353 1033 Ocu·

174 1068 251 1133 lum
282 1066 417 1135 scribae
449 1091 470 1134 a
501 1067 616 1155 priore
648 1071 821 1136 vocabulo
849 1068 1009 1157 Neptuni
1038 1071 1083 1136 ad
1110 1070 1286 1158 posterius
1312 1071 1350 1137 in

174 1196 279 1240 versu
303 1174 503 1261 insequenti
524 1176 590 1242 sub
607 1173 667 1243 illo
683 1174 840 1262 positum
856 1179 1034 1243 aberrasse
1048 1177 1128 1243 luce
1144 1175 1271 1243 clarius
1287 1188 1348 1243 est.

280 1306 313 1348 v.
331 1287 462 1349 28—32
491 1282 777 1371 Mythographus
805 1293 870 1350 aut
898 1306 918 1350 e
941 1303 1064 1351 comm.
1088 1283 1133 1350 ad
1157 1284 1262 1371 Verg.
1287 1293 1349 1349 aut

174 1411 195 1454 e
225 1388 384 1476 Vergilio
422 1389 498 1478 ipso
536 1389 653 1458 verbis
692 1393 899 1479 plerumque
938 1390 1086 1460 servatis
1124 1391 1349 1478 exscripsisse

173 1493 328 1580 videtur,
351 1496 402 1564 ita
425 1497 520 1564 enim
544 1500 649 1584 Verg.
673 1500 733 1565 Ae.
759 1501 848 1566 VIII
874 1505 938 1566 319
963 1522 1026 1586 sq.:

335 1637 472 1706 Primus
501 1642 544 1707 ab
569 1640 725 1708 aetherio
748 1641 849 1709 venit
871 1642 1047 1710 Saturnus
1071 1642 1244 1729 Olympo,

334 1769 431 1814 arma
454 1746 549 1815 Iovis
572 1747 716 1835 fugiens
740 1758 776 1813 et
798 1747 921 1834 regnis
944 1750 1025 1815 exul
1051 1748 1233 1836 ademptis

334 1856 370 1920 Is
395 1877 509 1941 genus
532 1854 684 1923 indocile
707 1879 748 1922 ac
771 1855 969 1942 dispersum
991 1853 1173 1922 montibus
1196 1855 1277 1921 altis

334 1960 531 2048 composuit
553 1962 721 2050 legesque
745 1961 843 2029 dedit
866 1960 1080 2048 Latiumque
1102 1960 1219 2028 vocari

332 2066 466 2152 maluit,
489 2068 546 2135 his
570 2067 737 2156 quoniam
759 2068 922 2136 latuisset
945 2077 1044 2136 tutus
1068 2066 1104 2134 in
1129 2067 1207 2135 oris.

279 2229 375 2297 Serv.
399 2231 494 2296 Ae.I
520 2233 552 2295 6:
599 2228 743 2302 Latium
766 2242 888 2297 autem
911 2229 1045 2297 dictum
1069 2241 1131 2314 est,
1159 2232 1252 2317 quod
1275 2228 1348 2296 illic

170 2335 348 2403 Saturnus
376 2335 527 2402 latuerit.
574 2334 744 2405 Similiter
773 2339 867 2424 apud
895 2339 991 2406 Serv.
1015 2340 1075 2404 Ae.
1101 2340 1190 2407 VIII
1214 2343 1279 2405 322
1311 2349 1348 2405 et

169 2444 277 2509 schol.
303 2445 386 2514 Luc.
411 2446 427 2507 I
452 2448 480 2509 9.

331 2661 397 2723 lab.
414 2662 519 2733 4,³-4
546 2659 585 2722 ci.
603 2657 636 2725 S.
654 2659 714 2723 Ae.
731 2659 820 2725 VIII
838 2661 881 2722 84
904 2679 935 2743 p.
953 2662 1065 2740 211,1⁹.

277 2804 308 2848 v.
326 2786 346 2846 6
370 2809 414 2842 :
429 2782 462 2850 S.
476 2784 537 2848 Ae.
547 2785 599 2850 IV
611 2787 667 2849 45:
684 2785 866 2850 Iunone..
884 2834 890 2847 .
908 2804 998 2868 quae
1010 2792 1148 2868 praeest
1161 2781 1345 2868 coniugiis.

330 3000 398 3062 fab.
416 3001 570 3074 lan-³1
591 2995 711 3063 elibro
723 2995 986 3084 mythographo
1002 2999 1160 3085 profecta
1176 3008 1239 3080 est,
1256 3000 1295 3063 ci.
1309 2999 1344 3066 S.

167 3104 231 3170 Ae.
258 3105 273 3166 I
300 3107 354 3169 22:
393 3103 508 3170 dictae
535 3115 620 3170 sunt
653 3108 782 3170 Parcae
809 3105 889 3170 κατὰ
917 3108 1109 3190 ἀντίφρασιν,
1138 3106 1232 3190 quod
1254 3105 1344 3173 nulli

169 3220 326 3294 parcant.
397 3209 550 3297 Philarg.
579 3211 718 3297 explan.
747 3211 823 3281 Ecl.
852 3214 904 3279 IV
942 3216 997 3277 47:
1045 3213 1184 3297 Parcae]
1220 3210 1256 3277 id
1291 3223 1347 3279 est

166 3318 296 3383 Parcas
328 3320 408 3384 κατὰ
436 3321 622 3402 ἀντίφρασιν
654 3320 857 3405 appellatas,
897 3320 991 3405 quod
1019 3317 1165 3383 minime
1187 3331 1343 3403 parcant,

169 3445 257 3509 quas
292 3435 363 3490 tres
401 3448 476 3491 esse
511 3426 688 3492 volerunt:
736 3447 854 3508 unam,
894 3446 984 3511 quae
1018 3423 1130 3490 vitam
1157 3422 1343 3490 hominum

167 3529 317 3613 ordinat,
356 3534 512 3615 alteram,
550 3554 641 3619 quae
680 3531 845 3615 contexit,
884 3531 1033 3613 tertiam,
1072 3551 1162 3616 quae
1200 3530 1341 3616 rumpit.

164 3638 286 3706 Schol.
312 3641 397 3710 Luc,
423 3641 458 3703 II
487 3644 525 3705 15
549 3642 656 3726 paulo
680 3638 832 3726 amplius
856 3640 900 3704 de
924 3637 1037 3706 tribus
1059 3634 1142 3703 latis
1166 3636 1252 3723 agit.

275 3770 308 3814 v,
335 3751 376 3812 27
399 3771 421 3812 a
437 3749 548 3834 poetis
572 3751 649 3831 RV,
674 3747 768 3833 quod
792 3746 893 3813 abest
916 3769 937 3811 a
960 3744 1104 3812 scholio.

275 3854 331 3918 Ad
354 3877 386 3921 v.
413 3858 451 3919 31
491 3855 668 3921 Baehrens
709 3856 815 3925 PLM
854 3855 888 3921 V
926 3857 990 3919 388
1030 3853 1191 3920 adnotat:
1253 3853 1343 3936 „Hic

166 3980 299 4044 versus,
337 3961 396 4047 qui
425 3982 487 4047 per
516 3959 673 4028 medium
704 3982 831 4027 aevum
862 3960 899 4026 in
932 3958 1066 4026 deliciis
1096 3960 1173 4044 luit,
1211 3959 1344 4047 legitur

166 4066 204 4132 in
228 4067 304 4135 cod.
330 4068 530 4135 Burneiano
554 4073 618 4134 224
643 4091 732 4136 saec.
756 4071 848 4133 XIII
872 4091 906 4155 p.
924 4072 988 4134 358
1012 4077 1049 4133 et
1073 4066 1230 4133 Parisino
1255 4072 1341 4133 4126

162 4195 254 4240 saec.
279 4177 370 4240 XIII
394 4176 453 4244 fol.
482 4180 573 4242 104.“
624 4181 665 4250 L.
693 4174 835 4243 Traube
866 4176 910 4262 (Ο
940 4178 1055 4243 Roma
1082 4173 1219 4257 nobilis
1249 4174 1342 4242 Abh.

8 4356 9 4367 ,
136 4281 280 4349 ·Akad.
311 4281 452 4350 Miinclr.
483 4285 499 4347 I
529 4283 578 4353 Cl.
607 4288 697 4349 XIX
727 4284 788 4352 Bd.
819 4288 838 4347 2
864 4284 945 4351 Abt.
975 4304 1009 4368 p.
1034 4286 1109 4351 309.
1139 4281 1217 4368 392)
1245 4282 1343 4347 hunc
