3367 4867
694 339 937 401 -135-

233 557 333 635 parte
369 546 561 633 explicatas
596 569 787 635 excerpens
821 559 859 614 et
886 569 1102 633 componens
1136 545 1408 632 descriptionem

234 655 414 739 quandam
428 655 486 721 vel
503 653 852 740 comprehensionem
868 653 996 720 tabulis
1012 653 1217 742 praemittit.
1254 654 1297 718 Id
1313 652 1408 719 enim

235 759 540 847 Mythographum
568 758 686 847 egisse
710 759 866 845 arbitror,
894 773 936 828 ut
958 763 1182 828 commodum
1210 757 1407 826 subsidium

231 865 406 954 magistro
434 879 529 935 esset
555 866 737 956 discipulis
765 867 991 952 instruendis
1020 868 1080 954 qui
1109 892 1137 937 e.
1164 891 1196 955 g.
1226 867 1277 935 ita
1304 867 1409 933 inter-

231 984 387 1060 rogaret:
435 974 569 1059 Recita,
604 998 711 1062 quare
739 975 877 1062 Cupido
904 977 1137 1063 pharetratus
1165 978 1292 1058 nudus,
1327 996 1408 1041 cum

233 1082 318 1164 lace,
341 1094 527 1168 pennatus,
551 1104 639 1169 puer
654 1081 869 1170 depingatur
892 1084 975 1170 (lab.
991 1088 1043 1166 35,
1067 1083 1110 1168 6).
1148 1082 1302 1148 Facilius
1319 1084 1407 1148 tales

232 1199 337 1254 notas
361 1190 647 1278 Mythographus
672 1189 856 1277 complecti
880 1187 1005 1276 potuit,
1029 1189 1067 1272 si,
1091 1189 1185 1275 quod
1200 1189 1305 1255 valde
1319 1187 1407 1253 mihi

233 1293 415 1379 probabile
431 1308 493 1380 est,
516 1295 692 1383 imagines
712 1297 859 1363 deorum
876 1307 959 1363 ante
982 1298 1103 1362 oculos
1118 1294 1251 1362 habuit.
1290 1293 1408 1361 Medio

234 1421 322 1468 aevo
356 1403 505 1468 docendi
541 1425 647 1469 causa
680 1426 785 1491 saepe
818 1403 907 1471 tales
941 1403 1048 1470 libros
1082 1405 1228 1469 deorum
1262 1403 1407 1468 dearum

232 1507 380 1574 heroum
403 1507 621 1594 imaginibus
649 1522 792 1577 ornatos
815 1509 1018 1597 insignibus
1046 1533 1086 1576 ac
1109 1509 1239 1577 fabulis
1262 1507 1407 1575 adiectis

232 1637 253 1679 a
268 1613 450 1701 magistris
467 1615 678 1702 compositos
694 1640 770 1684 esse
784 1621 910 1701 MaaSS,
922 1617 1162 1704 Tagesgdtter
1177 1640 1208 1704 p.
1216 1622 1279 1683 259
1297 1618 1406 1682 docet

230 1720 302 1786 Alii
326 1719 394 1786 loci
417 1732 501 1788 sunt
524 1721 575 1787 hi:

232 1881 299 1946 fab.
347 1885 443 1964 36,n:
473 1885 574 1967 Quae
602 1889 660 1971 (sc.
685 1886 844 1972 Gratiae)
876 1889 993 1955 nudae
1021 1908 1244 1972 conexaeque
1271 1897 1307 1951 et
1334 1907 1407 1951 una

472 2014 603 2076 aversa,
627 1994 719 2060 duae
742 2006 861 2061 autem
877 2017 943 2061 nos
958 1992 1184 2080 respicientes
1199 1991 1405 2081 pinguntur.

230 2113 296 2179 lab.
345 2118 441 2197 39,r³:
474 2118 574 2200 Quae
583 2121 641 2203 (sc.
653 2118 826 2203 Minerva)
838 2119 1001 2207 pingitur
1010 2130 1153 2202 armata,
1168 2115 1295 2206 triplici
1308 2126 1407 2183 veste

471 2221 606 2308 induta,
630 2237 736 2313 caput
760 2228 952 2314 Gorgonae
975 2238 1121 2314 gestans
1144 2235 1294 2314 pectore.

231 2344 298 2410 fab.
347 2350 428 2428 lla:
475 2347 623 2436 Virgam
657 2354 782 2435 ferens,
815 2351 982 2439 pennatis
1018 2351 1186 2419 talaribus
1222 2352 1449 2451 calceatus*

472 2458 599 2524 canino
623 2459 747 2547 eapite,
770 2462 888 2526 flavus
911 2471 947 2525 et
970 2471 1135 2547 perustus
1158 2457 1327 2546 pingitur.

232 2574 298 2641 fab.
346 2582 441 2662 raas:
471 2582 600 2665 Cybele
622 2593 735 2647 mater
751 2584 897 2646 deorum
914 2581 1050 2664 dicitur,
1074 2604 1164 2666 quae
1188 2581 1304 2646 currui
1327 2583 1407 2646 sub-

471 2684 601 2752 iunctis
634 2687 796 2752 leonibus
830 2686 979 2753 vehitur.
1027 2688 1242 2771 Corybantes
1275 2684 1406 2752 strictis

472 2790 601 2877 gladiis
628 2792 786 2859 munitos
812 2792 994 2859 ministros
1021 2795 1151 2860 habere
1178 2805 1215 2859 et
1243 2792 1405 2859 turritam

353 2915 358 2922 ·
471 2910 611 2984 gestare
635 2922 799 2966 coronam
822 2899 981 2986 fingitur.

229 3023 296 3088 iab.
345 3027 424 3107 80,2:
471 3023 578 3097 Liber
593 3036 713 3093 autem
728 3024 821 3092 inter
837 3028 921 3092 deos
934 3037 1104 3114 receptus,
1116 3024 1263 3107 iuvenis,
1277 3027 1404 3108 nuduS,

468 3130 637 3217 pingitur.

229 3254 296 3319 tab.
325 3259 441 3339 152‚2³:
471 3255 613 3341 Geryon
638 3280 700 3323 rex
722 3256 791 3325 fuit
815 3259 1020 3345 Hispaniae,
1042 3257 1262 3340 trimembris
1280 3279 1404 3323 canem

468 3363 604 3430 habens
626 3365 817 3451 bicipitem,
841 3388 946 3453 quem
963 3368 1144 3447 Hercules,
1168 3365 1212 3430 ad
1237 3386 1318 3430 eum
1334 3365 1404 3429 olla

470 3493 570 3539 aerea
592 3482 725 3556 vectuS,
749 3473 885 3540 occidit

231 3649 310 3731 Quo
333 3650 470 3718 facilius
493 3653 614 3718 fabula
629 3652 848 3736 subsequens
864 3649 1101 3737 intellegatur,
1118 3650 1404 3738 Mythographus

230 3755 407 3841 superiore
438 3758 509 3827 iam
536 3758 614 3826 loco
644 3770 805 3825 enarrata
840 3780 912 3823 uno
947 3757 1132 3824 enuntiato
1167 3759 1403 3847 complectens

228 3862 370 3928 fabulae
402 3865 609 3953 praemittit,
650 3868 689 3932 cl.
718 3867 785 3933 fab.
816 3869 886 3948 141,
921 3865 981 3931 ubi
1015 3867 1058 3931 de
1087 3863 1340 3936 Lemniadibus
1368 3876 1404 3931 et

228 3966 383 4034 maxime
407 3972 450 4037 de
474 3972 673 4063 Hypsipyle
696 3973 823 4061 agitur,
847 3997 878 4040 v.
901 3977 1024 4039 9—11:
1049 3971 1197 4040 Veneris
1220 3984 1256 4039 et
1280 3972 1403 4039 Martis

229 4076 403 4144 adulterio
437 4103 458 4145 a
485 4080 568 4146 Sole
602 4082 740 4149 detecto
771 4066 960 4167 postquam
995 4081 1177 4148 Vulcanus
1210 4079 1331 4147 ambos
1365 4078 1402 4145 in

227 4184 320 4249 lecto
344 4184 478 4251 catenis
489 4185 737 4254 minutissimis
752 4188 789 4254 in
807 4191 943 4259 Lemno
959 4186 1083 4271 insula,
1099 4184 1160 4253 ubi
1176 4186 1253 4273 ipse
1268 4184 1403 4270 colitur,

229 4289 409 4359 cinxit...
435 4290 589 4361 Uberius
604 4295 692 4361 haec
709 4295 993 4381 Mythographus
1014 4294 1050 4361 in
1071 4296 1138 4361 lab.
1159 4299 1217 4361 121
1237 4291 1402 4360 narravit
