3367 4867
721 304 944 367 ..59-

248 513 355 579 verbo
383 513 509 579 abiecit
533 511 666 580 librarii
694 516 817 581 oculus
846 514 892 581 ad
920 514 1068 582 verbum
1097 515 1229 602 accepit
1253 512 1291 580 in
1320 535 1425 581 versu

248 618 449 707 insequenti
474 618 659 688 transiluit

354 751 386 794 v.
406 732 446 793 14
470 738 565 795 recte
589 728 695 795 schol.
713 739 749 796 et
764 731 812 798 V:
837 727 898 816 qui
921 730 1070 797 Atreum
1093 728 1131 796 iu
1148 727 1343 798 vindictam
1366 750 1427 816 pa-

249 832 320 919 tris,
344 855 425 900 cum
449 833 669 921 adolevisset,
692 834 870 905 interiecit
893 837 1026 925 (schoht
1051 836 1199 926 occidit).

340 959 386 1008 ν.
406 945 446 1007 17
471 943 596 1008 occidit
609 945 643 1012 V
664 964 728 1030 pro
753 945 934 1011 r'rrtererrrit.
972 948 1056 1012 Post
1071 944 1175 1014 Vinci
1192 942 1324 1032 pergit:
1354 943 1425 1012 Sed

249 1046 324 1136 ipse
355 1060 479 1136 postea
514 1050 559 1116 ab
594 1051 729 1136 Oreste,
764 1049 839 1117 filio
874 1051 1165 1138 Agamemnonis,
1201 1074 1281 1117 cum
1313 1061 1427 1120 matre

250 1156 503 1241 Clytaemestra
526 1153 723 1246 prostratus
746 1156 889 1226 interiit
937 1159 1004 1225 Illa
1025 1158 1194 1225 maritum
1216 1180 1279 1246 per
1301 1157 1426 1244 Aegis-

249 1264 352 1331 thum
384 1265 585 1333 adulterum
619 1263 754 1333 occidit
816 1269 911 1333 Nam
946 1288 1028 1334 cum
1062 1264 1245 1352 ingressus
1280 1265 1425 1331 domum

248 1369 375 1438 luisset
396 1424 474 1439 ....
522 1370 623 1438 Prius
647 1371 874 1441 enuntiatum
898 1374 985 1461 (Sed
1003 1427 1010 1440 .
1027 1425 1057 1441 ..
1083 1373 1233 1459 interiit)
1256 1371 1293 1439 in
1317 1372 1425 1439 schol.

248 1475 359 1544 Theb.
384 1479 460 1545 loco
476 1477 683 1568 Vergiliano
702 1478 911 1567 interposito
928 1480 1076 1547 verbum
1099 1480 1223 1545 occidit
1245 1477 1427 1566 subsequi-

249 1595 314 1651 tur.
364 1586 527 1652 Alterum
555 1585 781 1655 enuntiatum
816 1587 977 1674 (Illa
1002 1589 1136 1675 occidit)
1171 1585 1290 1654 nescio
1325 1609 1370 1653 au
1406 1608 1427 1652 e

250 1693 395 1777 Myth.I
424 1698 524 1778 147,14
550 1692 703 1780 fluxerit,
728 1692 784 1761 cui
802 1696 913 1781 Myth.
931 1693 1008 1762 sine
1031 1693 1139 1761 dubio
1163 1693 1299 1782 reliqua
1314 1715 1428 1781 usque

250 1800 294 1865 ad
316 1823 348 1866 v.
366 1804 405 1865 21
432 1801 544 1868 debet

355 1931 387 1975 v.
408 1912 447 1973 18
472 1907 561 1975 Cum
584 1912 619 1977 V
646 1918 683 1975 et
706 1908 852 1994 Myth.1
880 1912 982 1993 147,1⁶
1011 1909 1204 1995 legendum
1228 1918 1282 1975 est
1315 1909 1426 1991 Quum

250 2035 325 2079 cum
350 2014 424 2101 (ille
446 2015 524 2082 add.
549 2016 594 2102 V)
617 2016 724 2083 vellet
745 2017 898 2082 induere.

355 2145 387 2188 v.
405 2125 447 2188 20
470 2125 504 2192 V
528 2133 564 2190 et
587 2123 732 2209 Myth.1
757 2125 885 2189 occisus
908 2130 965 2190 est.

409 2340 477 2404 fab.
497 2341 678 2427 148,13-11
704 2361 723 2405 e
747 2339 817 2406 sch.
834 2338 901 2405 Th.
918 2341 991 2404 XII
1017 2341 1077 2404 301
1104 2360 1136 2423 p.
1154 2303 1344 2421 rrum—22.

355 2504 387 2548 v.
404 2484 446 2545 24
471 2481 578 2547 schol.
603 2491 638 2548 et
661 2483 708 2550 V:
733 2479 770 2548 in
794 2480 1065 2568 Amphitryonis
1088 2479 1245 2548 venisset
1268 2478 1392 2565 specie.

355 2610 387 2653 v.
405 2590 447 2652 25
472 2588 511 2652 iri
539 2588 718 2674 Tirynthia
742 2590 880 2654 civr'tate
903 2589 980 2655 add.
1006 2609 1025 2653 e
1048 2588 1155 2654 schol.
1180 2589 1232 2656 IV
1258 2590 1328 2652 147.

356 2716 387 2759 v.
405 2697 447 2759 26
472 2694 603 2760 Mirum
619 2695 795 2782 quomodo
818 2695 905 2761 luna
927 2704 1032 2761 nocte
1055 2691 1184 2781 triplici
1206 2713 1328 2759 cursus
1344 2712 1428 2779 qua-

144 2815 151 2825 ·
250 2799 425 2887 druplices
446 2813 601 2892 peragat
638 2801 709 2871 Sed
733 2823 855 2868 veram
870 2799 1058 2868 lectionem
1074 2798 1208 2867 scholia
1224 2799 1427 2883 ostendunt,

251 2905 461 2994 quibuscum
484 2912 517 2978 V
545 2911 589 2977 ad
613 2910 763 2977 verbum
788 2907 969 2996 congruit:
1008 2907 1113 2976 iussit
1141 2906 1302 2995 Iuppiter
1328 2906 1427 2974 illam

249 3025 390 3082 noctem
413 3014 586 3104 triplicem
609 3016 696 3103 fieri,
720 3039 789 3105 qua
818 3016 913 3105 (quia
938 3021 968 3090 L
991 3027 1028 3084 et
1050 3018 1095 3105 V)
1124 3014 1280 3103 triplices
1304 3035 1427 3081 cursus

251 3124 355 3193 Luna
387 3122 533 3210 peregit
582 3124 788 3212 Corruptela
820 3135 933 3212 patet:
968 3146 1032 3213 pro
1056 3125 1147 3210 fieri
1177 3147 1247 3211 qua
1274 3122 1429 3209 triplices

251 3227 412 3297 librarius
434 3234 514 3299 Vat
538 3231 748 3299 stultissime
770 3232 861 3319 legit
882 3233 931 3299 sic
953 3237 996 3298 ut
1017 3233 1265 3319 quadruplices

409 3449 478 3514 fab.
499 3450 560 3514 158
585 3467 604 3512 e
628 3447 698 3512 sch.
715 3445 782 3513 Th.
798 3450 834 3513 X
859 3451 919 3513 891
945 3468 978 3533 p.
996 3449 1158 3529 455,s-rr
1186 3454 1222 3510 et
1245 3446 1297 3512 IV
1321 3448 1394 3511 570.

358 3611 388 3654 ν.
406 3592 449 3654 34
472 3590 685 3676 Mrirrgeram
709 3592 755 3672 R;
784 3587 836 3656 ita
859 3589 896 3655 in
920 3590 1019 3654 fonte
1042 3587 1153 3673 Myth.
1178 3584 1275 3673 legit,
1304 3588 1344 3653 cl.
1369 3587 1429 3653 mi-

252 3694 376 3781 niger'ci
392 3698 438 3779 M,
456 3696 648 3783 rnirzogrnm
666 3699 727 3781 Pa3
751 3717 834 3764 corr.
853 3693 970 3764 Maius
985 3694 1022 3762 iu
1046 3698 1241 3782 Megaram
1264 3692 1301 3760 in
1319 3694 1427 3763 schol.

251 3802 304 3870 IV
327 3805 392 3868 570
415 3804 588 3889 Megaera.

357 3932 389 3977 v.
406 3913 448 3976 35
481 3911 588 3978 schol.
621 3909 733 3978 Theb.
761 3914 796 3976 X
828 3915 888 3976 891
932 3910 1062 3976 Oreum
1097 3915 1133 3976 et
1175 3910 1428 3995 crantzium

252 4016 304 4084 IV
327 4019 393 4082 570
414 4018 510 4084 Oxea
526 4023 560 4084 et
572 4019 808 4084 Leontiadem.
848 4014 1015 4084 Herculis
1030 4027 1066 4084 et
1083 4020 1250 4104 Megarae
1272 4016 1428 4083 filiorum

251 4121 350 4190 varia
372 4122 519 4190 nomina
547 4125 591 4192 ab
615 4124 818 4193 auctoribus
848 4123 978 4192 tradita
1002 4124 1161 4192 Roscher
1188 4122 1368 4212 congessit
1389 4122 1428 4190 in

252 4230 336 4301 Lea
361 4252 386 4298 s.
409 4255 441 4299 v.
467 4231 711 4308 Kreontiades.
