3367 4867
793 1046 953 1150 Caput
981 1047 1020 1126 ll.

499 1246 550 1317 De
572 1244 749 1326 tontibus,
772 1243 834 1327 qul
858 1247 1015 1313 aetatem
1039 1260 1115 1314 non
1138 1245 1311 1314 tulerunt.

628 1404 664 1459 Α.
683 1402 727 1458 Da
746 1402 971 1458 commentarlls
989 1402 1181 1474 Verglllanls.

426 1511 483 1581 Ex
506 1508 690 1599 permultis
714 1509 975 1576 commentariis
991 1510 1036 1576 ad
1051 1507 1200 1596 Vergilii
1217 1509 1373 1578 carmina
1388 1510 1501 1579 inter·

318 1618 489 1704 pretanda
528 1614 734 1703 conscriptis
772 1615 876 1703 pauci
915 1627 1067 1683 aetatem
1105 1616 1270 1684 tulerunt
1329 1620 1427 1702 Quos
1463 1618 1495 1685 si

318 1723 517 1792 accuratius
549 1722 747 1805 contuleris
778 1722 1008 1790 manifestum
1038 1722 1132 1790 inter
1163 1746 1222 1790 eos
1250 1724 1496 1812 deprehendes

319 1853 538 1914 consensum,
577 1830 628 1897 ita
665 1841 706 1898 ut
737 1829 887 1917 Vergilii
927 1840 1220 1897 commentatores
1259 1832 1303 1897 ad
1342 1834 1495 1899 eandem

317 1936 487 2005 librorum
525 1937 753 2029 antiquorum
791 1937 1039 2005 auctoritatem
1077 1960 1115 2004 se
1155 1938 1350 2026 applicasse
1387 1939 1496 2006 liceat

319 2046 533 2113 concludere.
559 2044 561 2048 ’
580 2045 728 2122 Librum
751 2045 951 2111 fabularum
974 2044 1151 2131 quendam
1176 2044 1336 2113 extitisse
1350 2044 1493 2113 ThiloI

317 2155 423 2241 prael.
440 2156 559 2226 LXVI
575 2150 785 2238 suspicatur:
802 2154 963 2235 „Praeter
976 2152 1042 2218 hos
1058 2151 1165 2218 libros
1180 2152 1380 2219 fabularum
1394 2156 1498 2220 volu-

316 2281 399 2325 men
416 2258 567 2345 aliquod,
588 2260 682 2345 quod
698 2280 770 2324 non
786 2256 859 2323 iam
873 2268 980 2341 extat,
998 2259 1042 2325 ad
1058 2260 1264 2346 augendum
1279 2259 1493 2328 Servianum

318 2364 609 2432 commentarium
633 2366 677 2431 ab
701 2364 761 2431 illo
786 2362 985 2432 adhibitum
1008 2388 1085 2432 esse
1107 2365 1287 2453 probabile
1310 2370 1388 2433 est”
1434 2369 1494 2434 Ad

318 2474 406 2539 tales
430 2471 699 2540 commentarios
715 2470 941 2561 Vergilianos
964 2471 1071 2539 hodie
1094 2496 1165 2539 non
1190 2471 1261 2539 iam
1284 2473 1493 2561 superstites

316 2580 413 2659 haud
423 2578 592 2668 exiguam
602 2578 857 2667 Mythographi
869 2577 980 2646 nostri
990 2580 1189 2647 fabularum
1201 2591 1338 2666 partem
1349 2592 1497 2669 propter

316 2687 538 2777 perspicuam
555 2710 635 2755 cum
646 2686 826 2755 Danielini
838 2685 961 2771 Servii,
979 2685 1198 2773 Philargyrii‚
1213 2686 1324 2772 Probi,
1341 2688 1492 2756 aliorum

286 2774 292 2789 ⁸
318 2793 578 2862 commentariis
605 2794 876 2862 similitudinem
902 2795 1137 2862 revocandam
1160 2815 1237 2860 esse
1259 2804 1379 2880 patere
1401 2793 1492 2861 mihi

316 2900 464 2967 videtur.
511 2904 588 2966 Iam
610 2901 692 2968 vide
715 2901 780 2967 has
803 2902 954 2967 fabulas:

476 3081 539 3144 tab.
560 3084 696 3156 las-22
721 3076 758 3143 in
783 3077 930 3165 antiquo
946 3077 1035 3145 libro
1051 3079 1314 3167 mythographo
1330 3077 1492 3146 extitisse

315 3182 464 3266 videtur,
503 3206 547 3249 ex
575 3206 645 3269 quo
673 3184 778 3253 schol.
805 3187 888 3256 Luc
918 3196 955 3251 et
983 3185 1129 3253 Servius
1162 3185 1370 3269 hauserunt;
1405 3208 1491 3254 nam

317 3292 357 3361 el.
374 3291 479 3358 schol.
502 3293 585 3363 Luc.
603 3293 655 3359 IV
674 3294 749 3357 110:
784 3289 873 3361 Tres
896 3292 1040 3358 fuerunt
1062 3290 1127 3357 lilii
1147 3291 1306 3377 Satumi3
1330 3293 1494 3381 Iuppiter

315 3396 472 3487 possedit
496 3399 633 3475 coelum
656 3408 794 3482 sortem,
817 3401 1009 3484 Neptunus
1031 3421 1140 3482 mare3
1164 3409 1201 3466 et
1222 3400 1291 3466 hoc
1310 3410 1412 3467 notat
1426 3423 1491 3488 per

315 3505 391 3589 hoc,
430 3504 523 3592 quod
558 3503 644 3571 dicit
674 3506 829 3573 secunda
856 3517 957 3575 sorte
1012 3507 1115 3572 Pluto
1143 3506 1300 3592 possedit
1328 3506 1492 3577 inferum.

315 3612 365 3684 Et
391 3613 480 3681 alter
508 3612 580 3678 cod.
606 3613 730 3681 Berol.:
770 3612 859 3679 Tres
887 3612 982 3679 enim
1010 3615 1135 3680 iratres
1162 3615 1315 3697 luerunt,
1347 3613 1416 3700 qui,
1447 3625 1491 3683 ut

315 3719 455 3785 fabulae
485 3719 613 3802 lerunt,
650 3718 848 3787 diviserunt
879 3719 945 3786 sibi
974 3720 1068 3786 orbis
1096 3719 1292 3807 imperium,
1329 3719 1490 3809 Iuppiter

315 3826 505 3912 Neptunus
540 3838 577 3892 et
611 3826 721 3893 Pluto
777 3829 933 3913 Ideoque
968 3826 1095 3893 dicitur
1130 3839 1261 3894 sortem
1295 3828 1489 3894 secundam

314 3933 505 4019 Neptunus
533 3943 661 4017 tenere,
689 3934 772 4020 quia
800 3955 912 4020 aquae
940 3932 1126 4001 viciniores
1153 3945 1238 4001 sunt
1262 3935 1357 4002 coelo
1381 3956 1490 4021 quam

316 4047 415 4123 terra,
440 4062 460 4105 a
483 4061 553 4125 qua
576 4039 810 4107 continentur.
856 4041 952 4109 Serv.
969 4043 1029 4108 Ae.
1046 4046 1081 4107 X
1097 4048 1152 4109 40:
1180 4064 1265 4110 nam
1280 4064 1342 4129 per
1357 4052 1491 4109 sortem

313 4145 406 4213 inter
429 4169 467 4213 se
489 4147 614 4214 fratres
636 4146 761 4212 mundi
784 4168 896 4234 regna
919 4146 1124 4216 diviserunt

420 4279 451 4322 v.
472 4259 511 4320 19
535 4254 628 4320 unde
650 4259 687 4320 ct
709 4259 776 4321 tres
786 4255 924 4339 fratres
947 4257 988 4323 V.
