3367 4867
756 308 999 370 -112-

370 516 480 601 Myth.
505 528 541 582 et
564 516 633 583 seh.
659 515 769 584 Theb.
1001 566 1023 572 0
1048 523 1142 607 Hyg.
1167 523 1234 591 lab.
1262 529 1323 590 147

395 639 551 708 servavit
577 651 613 707 et
641 660 721 707 cum
745 641 849 709 Ceres
905 641 1025 729 ignem
1041 643 1188 732 mittere,
1205 660 1306 736 pater
1321 647 1473 734 expavit.

395 748 849 837 puerumh'gneaddschol.)

395 853 572 938 obrueret,
619 853 735 942 (pater
771 854 848 922 add.

285 1042 306 1055 μ
396 960 515 1049 schol.)
538 960 757 1029 exclamavit.

287 1090 319 1159 y.
338 1071 380 1133 32
405 1065 562 1135 contulit.
609 1069 703 1135 Nam
727 1070 848 1157 fruges
905 1069 1035 1137 tribuit.
1082 1077 1177 1141 Nam
1200 1077 1322 1162 fruges
1344 1099 1472 1163 propa·

397 1172 428 1240 ei
452 1177 700 1264 propagandas
724 1188 760 1244 et
775 1199 849 1242 cur·
905 1188 1030 1262 gatum
1054 1200 1265 1249 currum...

395 1303 474 1348 rum
498 1336 504 1349 .
529 1337 566 1350 ..

288 1410 319 1453 v.
338 1390 380 1455 33
405 1388 544 1474 Quibus
567 1389 626 1457 ille
649 1403 771 1458 vectus
876 1409 878 1448 1
904 1391 1043 1474 Quibus
1067 1394 1202 1460 vehens

240 1528 243 1533 ·
287 1493 354 1561 fab.
372 1497 414 1561 99
431 1519 462 1563 v.
480 1501 499 1561 6
517 1497 678 1583 Cepheus
694 1519 756 1564 rex
767 1519 849 1563 eum
875 1526 879 1575 ι
905 1497 1029 1565 Celeus
1067 1522 1149 1566 eum
1184 1524 1247 1588 pro
1279 1504 1468 1570 benefacto

396 1612 577 1690 tamquam
611 1604 771 1671 aemulus
799 1603 850 1670 in·
875 1598 879 1679 l
904 1603 1054 1672 interfici
1078 1606 1182 1675 iussit

398 1708 556 1778 terficere
579 1723 728 1779 conatus
751 1723 804 1778 est
874 1681 880 1794 i

287 1839 319 1881 v.
337 1819 357 1881 8
380 1837 532 1903 regnum
556 1817 701 1885 tradidit
904 1841 1055 1907 regnum
1078 1819 1175 1887 dedit

286 1946 318 1988 v.
340 1927 380 1988 10
404 1924 627 2013 appellantur
904 1926 1078 1993 dicuntur.

874 1991 878 2011 l

875 933 879 979 l

336 2073 338 2079 ’
449 2066 618 2137 Similiter
640 2074 709 2137 lab.
729 2073 792 2137 163
815 2068 871 2158 (de
895 2073 1020 2137 Danao
1043 2082 1079 2138 et
1103 2070 1279 2160 Aegypto)
1304 2099 1347 2132 ε
1368 2076 1471 2159 Hyg.

288 2175 356 2241 fab.
377 2179 438 2240 168
462 2197 494 2262 p.
512 2180 551 2242 31
579 2198 599 2242 e
622 2177 728 2243 schol.
745 2176 856 2243 Theb.
873 2180 908 2241 II
934 2181 1008 2260 222,

387 2357 389 2362 ’
447 2375 512 2438 lab.
529 2375 585 2437 162
613 2372 672 2458 (de
701 2374 855 2438 Hercule
879 2384 913 2439 et
938 2371 1116 2459 Deianira)
1141 2401 1184 2433 z:
1214 2378 1308 2460 Hyg.
1332 2376 1399 2441 fab.
1420 2380 1469 2441 33-

287 2498 318 2562 p.
337 2481 379 2543 66
403 2501 422 2543 e
446 2478 552 2544 schol.
565 2476 676 2546 Theb.
692 2482 726 2547 V
750 2483 823 2562 263,

447 2681 516 2748 ran.
533 2682 598 2744 200
626 2679 683 2761 (de
713 2679 924 2765 Amymone)
940 2704 983 2737 .-:
1007 2680 1105 2763 Hyg.
1130 2678 1199 2743 lab.
1225 2682 1286 2743 169
1315 2699 1349 2763 p.
1370 2682 1409 2742 31
1443 2700 1465 2742 e

288 2786 396 2853 schol.
421 2784 534 2851 Theb.
557 2787 593 2850 11
618 2789 682 2851 433
707 2796 743 2851 et
766 2786 864 2852 Serv.
890 2786 950 2850 Ae.
976 2787 1012 2850 II
1038 2790 1076 2850 81
1107 2785 1282 2870 proiectas
1307 2805 1383 2849 esse
1405 2785 1472 2848 de·⁴

287 2890 477 2958 monstrari
501 2903 627 2978 potest.

248 3128 251 3134 ‡
447 3092 512 3155 rab.
526 3088 614 3163 lara
629 3092 662 3153 et
675 3091 853 3164 13638-41
870 3089 926 3174 (de
937 3089 1154 3154 Athamante
1175 3109 1259 3173 rege
1273 3098 1309 3155 et
1321 3085 1467 3171 Phrixo)

288 3215 403 3279 neque
427 3194 471 3260 ad
496 3196 594 3280 Hyg.
611 3194 678 3260 fab.
696 3197 715 3259 3
739 3215 771 3280 p.
788 3198 830 3260 39
855 3216 970 3282 neque
985 3195 1031 3262 ad
1047 3195 1152 3261 schol.
1169 3192 1280 3260 Theb.
1298 3195 1331 3261 V
1347 3196 1410 3257 476
1428 3203 1473 3258 et.

288 3303 324 3365 11
349 3305 422 3385 231,
447 3302 507 3367 sed
532 3303 574 3368 ad
600 3299 729 3367 librum
752 3301 1056 3388 mythographum
1079 3301 1301 3367 revocandae
1326 3310 1417 3365 sunt.

447 3521 511 3585 lab.
537 3521 594 3583 141
632 3516 689 3601 (de
713 3515 924 3604 Hypsipyle)
953 3515 1215 3582 accuratissime
1248 3539 1329 3582 cum
1357 3516 1466 3581 schol.

288 3620 399 3689 Theb.
416 3626 449 3692 V
466 3628 507 3690 29
533 3623 719 3711 conspirat.
767 3625 848 3708 Qua
870 3622 915 3688 de
938 3644 1044 3689 causa
1068 3625 1179 3689 Maur.
1196 3621 1360 3689 Schmidt
1375 3622 1465 3687 duas

287 3739 391 3795 notas
425 3730 481 3818 (sc.
506 3755 538 3798 v.
563 3735 604 3796 22
638 3743 675 3798 et
705 3732 760 3819 29)
795 3729 945 3817 Hygino
974 3730 1053 3816 (lab.
1082 3732 1121 3795 15
1145 3754 1176 3818 p.
1202 3731 1258 3816 50)
1294 3726 1455 3796 tribuerit

286 3836 392 3922 plane
415 3860 486 3904 non
511 3838 628 3922 video;
651 3860 762 3925 eoque
785 3836 902 3924 magis
924 3837 1055 3904 mimm
1078 3849 1140 3921 est,
1171 3838 1266 3925 quod
1290 3835 1347 3902 his
1370 3813 1466 3923 ipsis'

285 3944 373 4011 locis
398 3945 567 4032 Hyginus
595 3970 616 4013 a
639 3945 745 4012 schol.
767 3943 879 4012 Theb.
900 3943 1087 4032 discrepat3
1120 3966 1204 4012 nam
1241 3965 1321 4011 cum
1352 3940 1464 4025 Myth.

287 4079 318 4121 v.
335 4058 374 4120 21
402 4064 438 4121 et
461 4054 567 4121 schol.
587 4052 699 4121 Theb.
723 4051 927 4119 Thoantem
956 4075 977 4118 a
1005 4051 1132 4123 Libero
1159 4062 1261 4140 patre
1285 4050 1322 4116 in
1356 4048 1464 4113 cam

287 4162 442 4229 insulam
468 4162 678 4249 perductum
706 4181 781 4227 esse
811 4170 964 4243 narrent,
994 4157 1163 4245 Hyginus
1187 4164 1398 4245 tempestate
1426 4152 1464 4219 in

288 4270 439 4337 r'nsukzm
469 4270 648 4336 Tauricam
673 4289 754 4335 eum
778 4267 935 4334 delatum
959 4288 1035 4333 esse
1058 4266 1170 4332 refert.
1217 4262 1388 4332 Similiter
1415 4283 1474 4326 se·-
