<?xml version="1.0" encoding="UTF-8"?>
<!DOCTYPE html PUBLIC "-//W3C//DTD XHTML 1.0 Transitional//EN"
    "http://www.w3.org/TR/xhtml1/DTD/xhtml1-transitional.dtd">
<html xmlns="http://www.w3.org/1999/xhtml" xml:lang="en" lang="en">
 <head>
  <title>
</title>
<meta http-equiv="Content-Type" content="text/html;charset=utf-8" />
  <meta name='ocr-system' content='tesseract 3.04.00' />
  <meta name='ocr-capabilities' content='ocr_page ocr_carea ocr_par ocr_line ocrx_word'/>
</head>
<body>
  <div class='ocr_page' id='page_1' title='image "./demythographiva00kesegoog_0077.png"; bbox 0 0 3367 4867; ppageno 0'>
   <div class='ocr_carea' id='block_1_1' title="bbox 698 352 922 414">
    <p class='ocr_par' dir='ltr' id='par_1_1' title="bbox 698 352 922 414">
     <span class='ocr_line' id='line_1_1' title="bbox 698 352 922 414; baseline 0.004 -17"><span class='ocrx_word' id='word_1_1' title='bbox 698 352 922 414; x_wconf 75' lang='lat'>..55-</span> 
     </span>
    </p>
   </div>
   <div class='ocr_carea' id='block_1_2' title="bbox 221 559 1475 1910">
    <p class='ocr_par' dir='ltr' id='par_1_2' title="bbox 221 559 1475 1910">
     <span class='ocr_line' id='line_1_2' title="bbox 222 559 1399 648; baseline 0.002 -21"><span class='ocrx_word' id='word_1_2' title='bbox 222 561 293 628; x_wconf 90' lang='lat' dir='ltr'>illic</span> <span class='ocrx_word' id='word_1_3' title='bbox 317 585 361 628; x_wconf 90' lang='lat' dir='ltr'>ex</span> <span class='ocrx_word' id='word_1_4' title='bbox 384 561 520 628; x_wconf 86' lang='lat' dir='ltr'>Isidoro</span> <span class='ocrx_word' id='word_1_5' title='bbox 543 560 795 648; x_wconf 90' lang='lat' dir='ltr'>inquirendum</span> <span class='ocrx_word' id='word_1_6' title='bbox 817 559 920 627; x_wconf 90' lang='lat' dir='ltr'>nobis</span> <span class='ocrx_word' id='word_1_7' title='bbox 936 572 998 628; x_wconf 91' lang='lat' dir='ltr'>est.</span> <span class='ocrx_word' id='word_1_8' title='bbox 1037 560 1168 630; x_wconf 84' lang='lat' dir='ltr'>Statim</span> <span class='ocrx_word' id='word_1_9' title='bbox 1184 584 1267 628; x_wconf 88' lang='lat' dir='ltr'>vero</span> <span class='ocrx_word' id='word_1_10' title='bbox 1283 564 1399 629; x_wconf 89' lang='lat' dir='ltr'>soluta</span> 
     </span>
     <span class='ocr_line' id='line_1_3' title="bbox 224 667 1398 756; baseline 0.001 -21"><span class='ocrx_word' id='word_1_11' title='bbox 224 680 276 736; x_wconf 92' lang='lat' dir='ltr'>est</span> <span class='ocrx_word' id='word_1_12' title='bbox 304 667 473 756; x_wconf 84' lang='lat' dir='ltr'>quaestio,</span> <span class='ocrx_word' id='word_1_13' title='bbox 502 691 582 734; x_wconf 91' lang='lat' dir='ltr'>cum</span> <span class='ocrx_word' id='word_1_14' title='bbox 610 667 830 756; x_wconf 88' lang='lat' dir='ltr'>prooemium</span> <span class='ocrx_word' id='word_1_15' title='bbox 864 667 1056 735; x_wconf 84' lang='lat' dir='ltr'>maximam</span> <span class='ocrx_word' id='word_1_16' title='bbox 1085 667 1228 755; x_wconf 91' lang='lat' dir='ltr'>quidem</span> <span class='ocrx_word' id='word_1_17' title='bbox 1261 680 1398 756; x_wconf 89' lang='lat' dir='ltr'>partem</span> 
     </span>
     <span class='ocr_line' id='line_1_4' title="bbox 223 774 1395 862; baseline -0.002 -19"><span class='ocrx_word' id='word_1_18' title='bbox 223 777 267 843; x_wconf 92' lang='lat' dir='ltr'>ad</span> <span class='ocrx_word' id='word_1_19' title='bbox 289 776 438 843; x_wconf 88' lang='lat' dir='ltr'>verbum</span> <span class='ocrx_word' id='word_1_20' title='bbox 463 777 536 841; x_wconf 90' lang='lat' dir='ltr'>fere</span> <span class='ocrx_word' id='word_1_21' title='bbox 559 797 640 841; x_wconf 92' lang='lat' dir='ltr'>cum</span> <span class='ocrx_word' id='word_1_22' title='bbox 664 774 790 841; x_wconf 88' lang='lat' dir='ltr'>Isidori</span> <span class='ocrx_word' id='word_1_23' title='bbox 814 774 994 862; x_wconf 91' lang='lat' dir='ltr'>prooemio</span> <span class='ocrx_word' id='word_1_24' title='bbox 1018 774 1054 841; x_wconf 92' lang='lat' dir='ltr'>in</span> <span class='ocrx_word' id='word_1_25' title='bbox 1079 776 1206 843; x_wconf 92' lang='lat' dir='ltr'>librum</span> <span class='ocrx_word' id='word_1_26' title='bbox 1229 779 1319 845; x_wconf 91' lang='lat' dir='ltr'>VIII</span> <span class='ocrx_word' id='word_1_27' title='bbox 1347 781 1395 861; x_wconf 91' lang='lat' dir='ltr'>ll,</span> 
     </span>
     <span class='ocr_line' id='line_1_5' title="bbox 224 881 1397 969; baseline 0 -20"><span class='ocrx_word' id='word_1_28' title='bbox 224 905 292 969; x_wconf 93' lang='lat' dir='ltr'>quo</span> <span class='ocrx_word' id='word_1_29' title='bbox 316 884 359 949; x_wconf 91' lang='lat' dir='ltr'>de</span> <span class='ocrx_word' id='word_1_30' title='bbox 383 881 450 949; x_wconf 92' lang='lat' dir='ltr'>diis</span> <span class='ocrx_word' id='word_1_31' title='bbox 467 882 669 969; x_wconf 85' lang='lat' dir='ltr'>deabusque</span> <span class='ocrx_word' id='word_1_32' title='bbox 692 904 916 969; x_wconf 87' lang='lat' dir='ltr'>paganorum</span> <span class='ocrx_word' id='word_1_33' title='bbox 937 881 1064 969; x_wconf 90' lang='lat' dir='ltr'>agitur,</span> <span class='ocrx_word' id='word_1_34' title='bbox 1089 882 1287 949; x_wconf 91' lang='lat' dir='ltr'>consentire</span> <span class='ocrx_word' id='word_1_35' title='bbox 1303 881 1397 949; x_wconf 90' lang='lat' dir='ltr'>vide-</span> 
     </span>
     <span class='ocr_line' id='line_1_6' title="bbox 223 989 1398 1078; baseline 0.002 -23"><span class='ocrx_word' id='word_1_36' title='bbox 223 989 277 1056; x_wconf 88' lang='lat' dir='ltr'>ris.</span> <span class='ocrx_word' id='word_1_37' title='bbox 315 990 387 1058; x_wconf 85' lang='lat' dir='ltr'>Sed</span> <span class='ocrx_word' id='word_1_38' title='bbox 410 991 525 1056; x_wconf 88' lang='lat' dir='ltr'>multa</span> <span class='ocrx_word' id='word_1_39' title='bbox 548 989 854 1076; x_wconf 91' lang='lat' dir='ltr'>Mythographum</span> <span class='ocrx_word' id='word_1_40' title='bbox 878 989 1013 1055; x_wconf 91' lang='lat' dir='ltr'>Isidoro</span> <span class='ocrx_word' id='word_1_41' title='bbox 1037 989 1163 1063; x_wconf 84' lang='lat' dir='ltr'>debere</span> <span class='ocrx_word' id='word_1_42' title='bbox 1186 991 1398 1078; x_wconf 87' lang='lat' dir='ltr'>persuadere</span> 
     </span>
     <span class='ocr_line' id='line_1_7' title="bbox 222 1094 1396 1184; baseline 0.001 -23"><span class='ocrx_word' id='word_1_43' title='bbox 222 1095 309 1162; x_wconf 91' lang='lat' dir='ltr'>mihi</span> <span class='ocrx_word' id='word_1_44' title='bbox 333 1119 404 1163; x_wconf 93' lang='lat' dir='ltr'>non</span> <span class='ocrx_word' id='word_1_45' title='bbox 421 1096 534 1183; x_wconf 90' lang='lat' dir='ltr'>potui;</span> <span class='ocrx_word' id='word_1_46' title='bbox 558 1118 642 1166; x_wconf 93' lang='lat' dir='ltr'>nam</span> <span class='ocrx_word' id='word_1_47' title='bbox 665 1107 803 1184; x_wconf 88' lang='lat' dir='ltr'>praeter</span> <span class='ocrx_word' id='word_1_48' title='bbox 825 1118 939 1183; x_wconf 87' lang='lat' dir='ltr'>pauca</span> <span class='ocrx_word' id='word_1_49' title='bbox 955 1095 1083 1179; x_wconf 85' lang='lat' dir='ltr'>omnia,</span> <span class='ocrx_word' id='word_1_50' title='bbox 1107 1094 1143 1161; x_wconf 93' lang='lat' dir='ltr'>in</span> <span class='ocrx_word' id='word_1_51' title='bbox 1161 1094 1290 1182; x_wconf 90' lang='lat' dir='ltr'>quibus</span> <span class='ocrx_word' id='word_1_52' title='bbox 1305 1108 1396 1164; x_wconf 88' lang='lat' dir='ltr'>uter-</span> 
     </span>
     <span class='ocr_line' id='line_1_8' title="bbox 223 1200 1396 1290; baseline 0.001 -23"><span class='ocrx_word' id='word_1_53' title='bbox 223 1225 289 1288; x_wconf 93' lang='lat' dir='ltr'>que</span> <span class='ocrx_word' id='word_1_54' title='bbox 317 1201 503 1286; x_wconf 75' lang='lat' dir='ltr'>consentit,</span> <span class='ocrx_word' id='word_1_55' title='bbox 532 1200 639 1269; x_wconf 87' lang='lat' dir='ltr'>etiam</span> <span class='ocrx_word' id='word_1_56' title='bbox 672 1203 766 1288; x_wconf 90' lang='lat' dir='ltr'>apud</span> <span class='ocrx_word' id='word_1_57' title='bbox 795 1200 960 1270; x_wconf 86' lang='lat' dir='ltr'>Servium</span> <span class='ocrx_word' id='word_1_58' title='bbox 987 1200 1148 1290; x_wconf 90' lang='lat' dir='ltr'>legimus,</span> <span class='ocrx_word' id='word_1_59' title='bbox 1183 1212 1224 1268; x_wconf 91' lang='lat' dir='ltr'>ut</span> <span class='ocrx_word' id='word_1_60' title='bbox 1252 1201 1396 1268; x_wconf 80' lang='lat' dir='ltr'>difficile</span> 
     </span>
     <span class='ocr_line' id='line_1_9' title="bbox 223 1307 1394 1395; baseline 0 -20"><span class='ocrx_word' id='word_1_61' title='bbox 223 1307 268 1375; x_wconf 84' lang='lat' dir='ltr'>sit</span> <span class='ocrx_word' id='word_1_62' title='bbox 291 1307 491 1393; x_wconf 90' lang='lat' dir='ltr'>diiudicare,</span> <span class='ocrx_word' id='word_1_63' title='bbox 515 1320 635 1375; x_wconf 91' lang='lat' dir='ltr'>utrum</span> <span class='ocrx_word' id='word_1_64' title='bbox 658 1320 838 1375; x_wconf 86' lang='lat' dir='ltr'>auctorem</span> <span class='ocrx_word' id='word_1_65' title='bbox 860 1310 1145 1395; x_wconf 89' lang='lat' dir='ltr'>Mytbograpbus</span> <span class='ocrx_word' id='word_1_66' title='bbox 1169 1308 1225 1374; x_wconf 91' lang='lat' dir='ltr'>his</span> <span class='ocrx_word' id='word_1_67' title='bbox 1248 1308 1334 1375; x_wconf 91' lang='lat' dir='ltr'>locis</span> <span class='ocrx_word' id='word_1_68' title='bbox 1358 1308 1394 1375; x_wconf 92' lang='lat' dir='ltr'>in</span> 
     </span>
     <span class='ocr_line' id='line_1_10' title="bbox 222 1414 1394 1502; baseline 0 -21"><span class='ocrx_word' id='word_1_69' title='bbox 222 1437 325 1481; x_wconf 90' lang='lat' dir='ltr'>usum</span> <span class='ocrx_word' id='word_1_70' title='bbox 359 1415 546 1483; x_wconf 88' lang='lat' dir='ltr'>vocaverit.</span> <span class='ocrx_word' id='word_1_71' title='bbox 609 1417 651 1482; x_wconf 92' lang='lat' dir='ltr'>Id</span> <span class='ocrx_word' id='word_1_72' title='bbox 690 1438 803 1481; x_wconf 92' lang='lat' dir='ltr'>unum</span> <span class='ocrx_word' id='word_1_73' title='bbox 837 1414 972 1482; x_wconf 92' lang='lat' dir='ltr'>nemini</span> <span class='ocrx_word' id='word_1_74' title='bbox 1011 1416 1159 1482; x_wconf 90' lang='lat' dir='ltr'>dubium</span> <span class='ocrx_word' id='word_1_75' title='bbox 1196 1414 1270 1499; x_wconf 88' lang='lat' dir='ltr'>erit,</span> <span class='ocrx_word' id='word_1_76' title='bbox 1309 1415 1394 1502; x_wconf 91' lang='lat' dir='ltr'>quin</span> 
     </span>
     <span class='ocr_line' id='line_1_11' title="bbox 223 1521 1397 1610; baseline 0.001 -22"><span class='ocrx_word' id='word_1_77' title='bbox 223 1523 506 1610; x_wconf 85' lang='lat' dir='ltr'>Mythographus</span> <span class='ocrx_word' id='word_1_78' title='bbox 534 1521 592 1588; x_wconf 93' lang='lat' dir='ltr'>hic</span> <span class='ocrx_word' id='word_1_79' title='bbox 619 1521 690 1589; x_wconf 90' lang='lat' dir='ltr'>illic</span> <span class='ocrx_word' id='word_1_80' title='bbox 723 1521 899 1589; x_wconf 91' lang='lat' dir='ltr'>Isidorum</span> <span class='ocrx_word' id='word_1_81' title='bbox 931 1522 1133 1609; x_wconf 84' lang='lat' dir='ltr'>inspexerit,</span> <span class='ocrx_word' id='word_1_82' title='bbox 1169 1524 1230 1589; x_wconf 91' lang='lat' dir='ltr'>sed</span> <span class='ocrx_word' id='word_1_83' title='bbox 1267 1533 1397 1589; x_wconf 88' lang='lat' dir='ltr'>temere</span> 
     </span>
     <span class='ocr_line' id='line_1_12' title="bbox 221 1627 1395 1717; baseline 0.002 -24"><span class='ocrx_word' id='word_1_84' title='bbox 221 1629 368 1694; x_wconf 89' lang='lat' dir='ltr'>modum</span> <span class='ocrx_word' id='word_1_85' title='bbox 392 1629 559 1694; x_wconf 88' lang='lat' dir='ltr'>excedere</span> <span class='ocrx_word' id='word_1_86' title='bbox 582 1628 670 1695; x_wconf 92' lang='lat' dir='ltr'>mihi</span> <span class='ocrx_word' id='word_1_87' title='bbox 695 1628 845 1713; x_wconf 90' lang='lat' dir='ltr'>videtur,</span> <span class='ocrx_word' id='word_1_88' title='bbox 869 1627 1036 1716; x_wconf 74' lang='lat' dir='ltr'>quisquis</span> <span class='ocrx_word' id='word_1_89' title='bbox 1061 1641 1147 1717; x_wconf 92' lang='lat' dir='ltr'>quot</span> <span class='ocrx_word' id='word_1_90' title='bbox 1167 1631 1308 1698; x_wconf 89' lang='lat' dir='ltr'>fabulae</span> <span class='ocrx_word' id='word_1_91' title='bbox 1338 1631 1395 1696; x_wconf 92' lang='lat' dir='ltr'>vel</span> 
     </span>
     <span class='ocr_line' id='line_1_13' title="bbox 221 1733 1475 1822; baseline 0.002 -22"><span class='ocrx_word' id='word_1_92' title='bbox 221 1734 456 1820; x_wconf 84' lang='lat' dir='ltr'>etymologiae</span> <span class='ocrx_word' id='word_1_93' title='bbox 479 1759 523 1801; x_wconf 90' lang='lat' dir='ltr'>ex</span> <span class='ocrx_word' id='word_1_94' title='bbox 547 1733 672 1802; x_wconf 90' lang='lat' dir='ltr'>Isidori</span> <span class='ocrx_word' id='word_1_95' title='bbox 689 1734 898 1822; x_wconf 86' lang='lat' dir='ltr'>Originibus</span> <span class='ocrx_word' id='word_1_96' title='bbox 919 1736 1097 1821; x_wconf 80' lang='lat' dir='ltr'>fluxerint,</span> <span class='ocrx_word' id='word_1_97' title='bbox 1122 1748 1215 1804; x_wconf 85' lang='lat' dir='ltr'>certe</span> <span class='ocrx_word' id='word_1_98' title='bbox 1238 1748 1393 1804; x_wconf 88' lang='lat' dir='ltr'>statuere</span> <span class='ocrx_word' id='word_1_99' title='bbox 1472 1783 1475 1787; x_wconf 88' lang='lat'>-</span> 
     </span>
     <span class='ocr_line' id='line_1_14' title="bbox 222 1839 1240 1910; baseline 0.004 -4"><span class='ocrx_word' id='word_1_100' title='bbox 222 1842 356 1908; x_wconf 87' lang='lat' dir='ltr'>audeat</span> <span class='ocrx_word' id='word_1_101' title='bbox 403 1842 571 1909; x_wconf 87' lang='lat' dir='ltr'>Attamen</span> <span class='ocrx_word' id='word_1_102' title='bbox 595 1843 690 1908; x_wconf 89' lang='lat' dir='ltr'>locos</span> <span class='ocrx_word' id='word_1_103' title='bbox 715 1839 846 1907; x_wconf 83' lang='lat' dir='ltr'>similes</span> <span class='ocrx_word' id='word_1_104' title='bbox 870 1843 994 1908; x_wconf 86' lang='lat' dir='ltr'>afferre</span> <span class='ocrx_word' id='word_1_105' title='bbox 1016 1841 1104 1908; x_wconf 91' lang='lat' dir='ltr'>mihi</span> <span class='ocrx_word' id='word_1_106' title='bbox 1128 1841 1240 1910; x_wconf 90' lang='lat' dir='ltr'>liceat</span> 
     </span>
    </p>
   </div>
   <div class='ocr_carea' id='block_1_3' title="bbox 381 2036 1279 2122">
    <p class='ocr_par' dir='ltr' id='par_1_3' title="bbox 381 2036 1279 2122">
     <span class='ocr_line' id='line_1_15' title="bbox 381 2036 1279 2122; baseline -0.002 -16"><span class='ocrx_word' id='word_1_107' title='bbox 381 2044 537 2108; x_wconf 85' lang='lat' dir='ltr'>Prooem.</span> <span class='ocrx_word' id='word_1_108' title='bbox 561 2063 592 2106; x_wconf 86' lang='lat' dir='ltr'>v.</span> <span class='ocrx_word' id='word_1_109' title='bbox 610 2044 719 2106; x_wconf 86' lang='grc'><strong>3-18</strong></span> <span class='ocrx_word' id='word_1_110' title='bbox 744 2061 789 2105; x_wconf 90' lang='lat' dir='ltr'>ex</span> <span class='ocrx_word' id='word_1_111' title='bbox 811 2036 893 2104; x_wconf 87' lang='lat' dir='ltr'>Isid.</span> <span class='ocrx_word' id='word_1_112' title='bbox 918 2039 975 2106; x_wconf 88' lang='lat' dir='ltr'>Or.</span> <span class='ocrx_word' id='word_1_113' title='bbox 992 2041 1083 2106; x_wconf 92' lang='lat' dir='ltr'>VIII</span> <span class='ocrx_word' id='word_1_114' title='bbox 1111 2043 1159 2122; x_wconf 95' lang='lat' dir='ltr'>ll,</span> <span class='ocrx_word' id='word_1_115' title='bbox 1187 2044 1279 2104; x_wconf 84' lang='lat'>1-4.</span> 
     </span>
    </p>
   </div>
   <div class='ocr_carea' id='block_1_4' title="bbox 221 2163 1398 2572">
    <p class='ocr_par' dir='ltr' id='par_1_4' title="bbox 221 2163 1396 2357">
     <span class='ocr_line' id='line_1_16' title="bbox 326 2163 1396 2251; baseline 0 -21"><span class='ocrx_word' id='word_1_116' title='bbox 326 2188 358 2231; x_wconf 90' lang='lat' dir='ltr'>v.</span> <span class='ocrx_word' id='word_1_117' title='bbox 376 2169 394 2229; x_wconf 91' lang='lat'><em>8</em></span> <span class='ocrx_word' id='word_1_118' title='bbox 419 2163 500 2230; x_wconf 92' lang='lat' dir='ltr'>Isid.</span> <span class='ocrx_word' id='word_1_119' title='bbox 518 2174 554 2230; x_wconf 91' lang='lat' dir='ltr'>et</span> <span class='ocrx_word' id='word_1_120' title='bbox 568 2167 616 2232; x_wconf 86' lang='lat' dir='ltr'>V:</span> <span class='ocrx_word' id='word_1_121' title='bbox 641 2165 735 2250; x_wconf 90' lang='lat' dir='ltr'>apud</span> <span class='ocrx_word' id='word_1_122' title='bbox 754 2165 892 2251; x_wconf 88' lang='lat' dir='ltr'>Paphos</span> <span class='ocrx_word' id='word_1_123' title='bbox 908 2216 914 2230; x_wconf 88' lang='lat'>.</span> <span class='ocrx_word' id='word_1_124' title='bbox 932 2216 939 2229; x_wconf 90' lang='lat'>.</span> <span class='ocrx_word' id='word_1_125' title='bbox 957 2163 1050 2249; x_wconf 89' lang='lat' dir='ltr'>apud</span> <span class='ocrx_word' id='word_1_126' title='bbox 1067 2166 1241 2235; x_wconf 76' lang='lat' dir='ltr'>Lemnos,</span> <span class='ocrx_word' id='word_1_127' title='bbox 1258 2216 1264 2229; x_wconf 96' lang='lat'>.</span> <span class='ocrx_word' id='word_1_128' title='bbox 1282 2164 1396 2250; x_wconf 80' lang='lat' dir='ltr'>,apud</span> 
     </span>
     <span class='ocr_line' id='line_1_17' title="bbox 221 2271 681 2357; baseline 0.002 -22"><span class='ocrx_word' id='word_1_129' title='bbox 221 2274 343 2337; x_wconf 89' lang='lat' dir='ltr'>Naxos</span> <span class='ocrx_word' id='word_1_130' title='bbox 446 2271 540 2357; x_wconf 90' lang='lat' dir='ltr'>apud</span> <span class='ocrx_word' id='word_1_131' title='bbox 565 2271 681 2337; x_wconf 90' lang='lat' dir='ltr'>Delos.</span> 
     </span>
    </p>

    <p class='ocr_par' dir='ltr' id='par_1_5' title="bbox 221 2377 1398 2572">
     <span class='ocr_line' id='line_1_18' title="bbox 327 2377 1397 2465; baseline -0.001 -21"><span class='ocrx_word' id='word_1_132' title='bbox 327 2402 358 2444; x_wconf 90' lang='lat' dir='ltr'>v.</span> <span class='ocrx_word' id='word_1_133' title='bbox 379 2383 413 2443; x_wconf 94' lang='lat' dir='ltr'>ll</span> <span class='ocrx_word' id='word_1_134' title='bbox 441 2388 522 2464; x_wconf 92' lang='lat' dir='ltr'>post</span> <span class='ocrx_word' id='word_1_135' title='bbox 547 2379 765 2444; x_wconf 78' lang='lat' dir='ltr'>sustulerant</span> <span class='ocrx_word' id='word_1_136' title='bbox 791 2401 857 2444; x_wconf 88' lang='lat' dir='ltr'>om</span> <span class='ocrx_word' id='word_1_137' title='bbox 889 2377 1016 2463; x_wconf 89' lang='lat' dir='ltr'>Myth.:</span> <span class='ocrx_word' id='word_1_138' title='bbox 1063 2400 1147 2444; x_wconf 92' lang='lat' dir='ltr'>nam</span> <span class='ocrx_word' id='word_1_139' title='bbox 1175 2378 1397 2465; x_wconf 88' lang='lat' dir='ltr'>quorundam</span> 
     </span>
     <span class='ocr_line' id='line_1_19' title="bbox 221 2483 1398 2572; baseline -0.001 -22"><span class='ocrx_word' id='word_1_140' title='bbox 221 2485 266 2550; x_wconf 91' lang='lat' dir='ltr'>ad</span> <span class='ocrx_word' id='word_1_141' title='bbox 281 2483 505 2552; x_wconf 91' lang='lat' dir='ltr'>inventiones</span> <span class='ocrx_word' id='word_1_142' title='bbox 521 2484 651 2551; x_wconf 91' lang='lat' dir='ltr'>artium</span> <span class='ocrx_word' id='word_1_143' title='bbox 667 2487 803 2552; x_wconf 91' lang='lat' dir='ltr'>cultum</span> <span class='ocrx_word' id='word_1_144' title='bbox 819 2484 996 2572; x_wconf 90' lang='lat' dir='ltr'>peperisse</span> <span class='ocrx_word' id='word_1_145' title='bbox 1013 2483 1187 2568; x_wconf 91' lang='lat' dir='ltr'>dicuntur,</span> <span class='ocrx_word' id='word_1_146' title='bbox 1211 2495 1252 2551; x_wconf 92' lang='lat' dir='ltr'>ut</span> <span class='ocrx_word' id='word_1_147' title='bbox 1267 2486 1398 2550; x_wconf 88' lang='lat' dir='ltr'>Aescu-</span> 
     </span>
    </p>
   </div>
   <div class='ocr_carea' id='block_1_5' title="bbox 221 2589 1398 2782">
    <p class='ocr_par' dir='ltr' id='par_1_6' title="bbox 221 2589 1398 2782">
     <span class='ocr_line' id='line_1_20' title="bbox 221 2589 869 2677; baseline 0 -22"><span class='ocrx_word' id='word_1_148' title='bbox 221 2589 315 2677; x_wconf 91' lang='lat' dir='ltr'>lapio</span> <span class='ocrx_word' id='word_1_149' title='bbox 337 2589 521 2675; x_wconf 87' lang='lat' dir='ltr'>medicina,</span> <span class='ocrx_word' id='word_1_150' title='bbox 544 2593 706 2660; x_wconf 90' lang='lat' dir='ltr'>Vulcano</span> <span class='ocrx_word' id='word_1_151' title='bbox 729 2589 869 2658; x_wconf 85' lang='lat' dir='ltr'>fabrica.</span> 
     </span>
     <span class='ocr_line' id='line_1_21' title="bbox 327 2694 1398 2782; baseline -0.002 -18"><span class='ocrx_word' id='word_1_152' title='bbox 327 2722 358 2764; x_wconf 94' lang='lat' dir='ltr'>v.</span> <span class='ocrx_word' id='word_1_153' title='bbox 380 2702 506 2764; x_wconf 87' lang='lat'>11-13</span> <span class='ocrx_word' id='word_1_154' title='bbox 530 2697 686 2764; x_wconf 90' lang='lat' dir='ltr'>Isidorus</span> <span class='ocrx_word' id='word_1_155' title='bbox 711 2719 730 2763; x_wconf 99' lang='lat' dir='ltr'>e</span> <span class='ocrx_word' id='word_1_156' title='bbox 753 2696 786 2765; x_wconf 86' lang='lat' dir='ltr'>S.</span> <span class='ocrx_word' id='word_1_157' title='bbox 802 2698 863 2761; x_wconf 89' lang='lat' dir='ltr'>Ae.</span> <span class='ocrx_word' id='word_1_158' title='bbox 882 2699 934 2764; x_wconf 92' lang='lat' dir='ltr'>IV</span> <span class='ocrx_word' id='word_1_159' title='bbox 957 2700 1021 2762; x_wconf 86' lang='grc'>638</span> <span class='ocrx_word' id='word_1_160' title='bbox 1046 2718 1076 2782; x_wconf 93' lang='lat' dir='ltr'>p.</span> <span class='ocrx_word' id='word_1_161' title='bbox 1095 2700 1242 2779; x_wconf 74' lang='lat'>575,2-⁴</span> <span class='ocrx_word' id='word_1_162' title='bbox 1267 2694 1398 2762; x_wconf 82' lang='lat' dir='ltr'>hausit</span> 
     </span>
    </p>
   </div>
   <div class='ocr_carea' id='block_1_6' title="bbox 222 2800 1463 2997">
    <p class='ocr_par' dir='ltr' id='par_1_7' title="bbox 222 2800 1463 2997">
     <span class='ocr_line' id='line_1_22' title="bbox 327 2800 1463 2889; baseline -0.002 -19"><span class='ocrx_word' id='word_1_163' title='bbox 327 2828 358 2870; x_wconf 94' lang='lat' dir='ltr'>v.</span> <span class='ocrx_word' id='word_1_164' title='bbox 379 2808 418 2870; x_wconf 82' lang='lat'>16</span> <span class='ocrx_word' id='word_1_165' title='bbox 435 2804 516 2870; x_wconf 85' lang='lat' dir='ltr'>Cod.</span> <span class='ocrx_word' id='word_1_166' title='bbox 534 2803 638 2873; x_wconf 90' lang='lat' dir='ltr'>Vind.</span> <span class='ocrx_word' id='word_1_167' title='bbox 656 2801 832 2870; x_wconf 90' lang='lat' dir='ltr'>Isidorum</span> <span class='ocrx_word' id='word_1_168' title='bbox 849 2800 1010 2888; x_wconf 89' lang='lat' dir='ltr'>attingit:</span> <span class='ocrx_word' id='word_1_169' title='bbox 1033 2805 1109 2868; x_wconf 81' lang='lat' dir='ltr'>Sed</span> <span class='ocrx_word' id='word_1_170' title='bbox 1114 2802 1288 2889; x_wconf 83' lang='lat' dir='ltr'>paulatim</span> <span class='ocrx_word' id='word_1_171' title='bbox 1304 2803 1400 2868; x_wconf 78' lang='lat' dir='ltr'>hunc·</span> <span class='ocrx_word' id='word_1_172' title='bbox 1460 2807 1463 2812; x_wconf 77' lang='grc'>’</span> 
     </span>
     <span class='ocr_line' id='line_1_23' title="bbox 222 2910 1395 2997; baseline -0.001 -22"><span class='ocrx_word' id='word_1_173' title='bbox 222 2933 367 2977; x_wconf 84' lang='lat' dir='ltr'>errorem</span> <span class='ocrx_word' id='word_1_174' title='bbox 389 2911 677 2997; x_wconf 80' lang='lat' dir='ltr'>persuadentibus</span> <span class='ocrx_word' id='word_1_175' title='bbox 714 2910 932 2976; x_wconf 80' lang='lat' dir='ltr'>daemonibus</span> <span class='ocrx_word' id='word_1_176' title='bbox 965 2910 1015 2975; x_wconf 81' lang='lat' dir='ltr'>ite</span> <span class='ocrx_word' id='word_1_177' title='bbox 1050 2910 1087 2975; x_wconf 82' lang='lat' dir='ltr'>in</span> <span class='ocrx_word' id='word_1_178' title='bbox 1115 2910 1263 2996; x_wconf 79' lang='lat' dir='ltr'>posteris</span> <span class='ocrx_word' id='word_1_179' title='bbox 1291 2910 1395 2996; x_wconf 90' lang='lat' dir='ltr'>irrep-</span> 
     </span>
    </p>
   </div>
   <div class='ocr_carea' id='block_1_7' title="bbox 217 3015 1422 3209">
    <p class='ocr_par' dir='ltr' id='par_1_8' title="bbox 217 3015 1422 3209">
     <span class='ocr_line' id='line_1_24' title="bbox 217 3015 1422 3103; baseline 0.001 -23"><span class='ocrx_word' id='word_1_180' title='bbox 217 3018 304 3082; x_wconf 81' lang='lat' dir='ltr'>sisse</span> <span class='ocrx_word' id='word_1_181' title='bbox 324 3015 417 3090; x_wconf 79' lang='lat' dir='ltr'>Isin..</span> <span class='ocrx_word' id='word_1_182' title='bbox 440 3019 504 3083; x_wconf 83' lang='lat' dir='ltr'>sed</span> <span class='ocrx_word' id='word_1_183' title='bbox 516 3018 690 3103; x_wconf 63' lang='lat' dir='ltr'>puulcete’rn</span> <span class='ocrx_word' id='word_1_184' title='bbox 714 3018 768 3083; x_wconf 83' lang='lat' dir='ltr'>hic</span> <span class='ocrx_word' id='word_1_185' title='bbox 784 3039 880 3082; x_wconf 86' lang='lat' dir='ltr'>error</span> <span class='ocrx_word' id='word_1_186' title='bbox 896 3019 1045 3103; x_wconf 79' lang='lat' dir='ltr'>posteris</span> <span class='ocrx_word' id='word_1_187' title='bbox 1068 3020 1269 3083; x_wconf 79' lang='lat' dir='ltr'>daemonum</span> <span class='ocrx_word' id='word_1_188' title='bbox 1291 3015 1422 3082; x_wconf 70' lang='lat' dir='ltr'>suasu</span> 
     </span>
     <span class='ocr_line' id='line_1_25' title="bbox 222 3123 431 3209; baseline 0.019 -22"><span class='ocrx_word' id='word_1_189' title='bbox 222 3123 363 3209; x_wconf 80' lang='lat' dir='ltr'>irrepsit</span> <span class='ocrx_word' id='word_1_190' title='bbox 394 3126 431 3191; x_wconf 81' lang='lat' dir='ltr'>V.</span> 
     </span>
    </p>
   </div>
   <div class='ocr_carea' id='block_1_8' title="bbox 379 3318 1086 3404">
    <p class='ocr_par' dir='ltr' id='par_1_9' title="bbox 379 3318 1086 3404">
     <span class='ocr_line' id='line_1_26' title="bbox 379 3318 1086 3404; baseline 0.003 -20"><span class='ocrx_word' id='word_1_191' title='bbox 379 3322 447 3386; x_wconf 81' lang='lat' dir='ltr'>fab.</span> <span class='ocrx_word' id='word_1_192' title='bbox 467 3320 570 3402; x_wconf 86' lang='lat' dir='ltr'>l,r-2</span> <span class='ocrx_word' id='word_1_193' title='bbox 597 3321 636 3385; x_wconf 89' lang='lat' dir='ltr'>cf.</span> <span class='ocrx_word' id='word_1_194' title='bbox 662 3318 744 3386; x_wconf 92' lang='lat' dir='ltr'>Isid.</span> <span class='ocrx_word' id='word_1_195' title='bbox 769 3320 826 3387; x_wconf 88' lang='lat' dir='ltr'>Or.</span> <span class='ocrx_word' id='word_1_196' title='bbox 844 3322 934 3389; x_wconf 90' lang='lat' dir='ltr'>VIII</span> <span class='ocrx_word' id='word_1_197' title='bbox 964 3326 1011 3404; x_wconf 94' lang='grc'>11,</span> <span class='ocrx_word' id='word_1_198' title='bbox 1036 3325 1086 3387; x_wconf 88' lang='grc'>30.</span> 
     </span>
    </p>
   </div>
   <div class='ocr_carea' id='block_1_9' title="bbox 220 3441 1397 3957">
    <p class='ocr_par' dir='ltr' id='par_1_10' title="bbox 220 3441 1397 3617">
     <span class='ocr_line' id='line_1_27' title="bbox 328 3441 1397 3531; baseline 0.004 -23"><span class='ocrx_word' id='word_1_199' title='bbox 328 3441 423 3510; x_wconf 91' lang='lat' dir='ltr'>Isid.:</span> <span class='ocrx_word' id='word_1_200' title='bbox 449 3443 626 3512; x_wconf 86' lang='lat' dir='ltr'>Saturnus</span> <span class='ocrx_word' id='word_1_201' title='bbox 729 3468 749 3511; x_wconf 87' lang='lat' dir='ltr'>a</span> <span class='ocrx_word' id='word_1_202' title='bbox 773 3443 942 3531; x_wconf 90' lang='lat' dir='ltr'>temporis</span> <span class='ocrx_word' id='word_1_203' title='bbox 964 3442 1201 3531; x_wconf 84' lang='lat' dir='ltr'>longitudine,</span> <span class='ocrx_word' id='word_1_204' title='bbox 1226 3445 1319 3530; x_wconf 92' lang='lat' dir='ltr'>quod</span> <span class='ocrx_word' id='word_1_205' title='bbox 1343 3469 1397 3512; x_wconf 91' lang='lat' dir='ltr'>sa·</span> 
     </span>
     <span class='ocr_line' id='line_1_28' title="bbox 220 3550 493 3617; baseline 0.007 -2"><span class='ocrx_word' id='word_1_206' title='bbox 220 3560 356 3615; x_wconf 87' lang='lat' dir='ltr'>turetur</span> <span class='ocrx_word' id='word_1_207' title='bbox 379 3550 493 3617; x_wconf 90' lang='lat' dir='ltr'>annis.</span> 
     </span>
    </p>

    <p class='ocr_par' dir='ltr' id='par_1_11' title="bbox 325 3656 907 3739">
     <span class='ocr_line' id='line_1_29' title="bbox 325 3656 907 3739; baseline 0.002 -17"><span class='ocrx_word' id='word_1_208' title='bbox 325 3664 393 3723; x_wconf 89' lang='lat' dir='ltr'>v.7</span> <span class='ocrx_word' id='word_1_209' title='bbox 419 3659 459 3723; x_wconf 91' lang='lat' dir='ltr'>cf.</span> <span class='ocrx_word' id='word_1_210' title='bbox 483 3656 565 3724; x_wconf 89' lang='lat' dir='ltr'>Isid.</span> <span class='ocrx_word' id='word_1_211' title='bbox 591 3658 648 3725; x_wconf 91' lang='lat' dir='ltr'>Or.</span> <span class='ocrx_word' id='word_1_212' title='bbox 665 3660 755 3726; x_wconf 89' lang='lat' dir='ltr'>VIII</span> <span class='ocrx_word' id='word_1_213' title='bbox 784 3660 832 3739; x_wconf 91' lang='grc'>11,</span> <span class='ocrx_word' id='word_1_214' title='bbox 857 3662 907 3723; x_wconf 84' lang='lat'>32.</span> 
     </span>
    </p>

    <p class='ocr_par' dir='ltr' id='par_1_12' title="bbox 220 3762 1394 3957">
     <span class='ocr_line' id='line_1_30' title="bbox 326 3762 1394 3851; baseline 0.005 -24"><span class='ocrx_word' id='word_1_215' title='bbox 326 3763 420 3830; x_wconf 91' lang='lat' dir='ltr'>Isid.:</span> <span class='ocrx_word' id='word_1_216' title='bbox 446 3764 586 3829; x_wconf 87' lang='lat' dir='ltr'>Falcem</span> <span class='ocrx_word' id='word_1_217' title='bbox 604 3774 724 3830; x_wconf 90' lang='lat' dir='ltr'>tenet.</span> <span class='ocrx_word' id='word_1_218' title='bbox 741 3817 748 3830; x_wconf 88' lang='lat'>.</span> <span class='ocrx_word' id='word_1_219' title='bbox 765 3816 771 3829; x_wconf 93' lang='lat'>.</span> <span class='ocrx_word' id='word_1_220' title='bbox 788 3774 931 3851; x_wconf 88' lang='lat' dir='ltr'>propter</span> <span class='ocrx_word' id='word_1_221' title='bbox 944 3762 1164 3849; x_wconf 90' lang='lat' dir='ltr'>sapientiam,</span> <span class='ocrx_word' id='word_1_222' title='bbox 1187 3765 1281 3849; x_wconf 93' lang='lat' dir='ltr'>quod</span> <span class='ocrx_word' id='word_1_223' title='bbox 1297 3763 1394 3832; x_wconf 92' lang='lat' dir='ltr'>intus</span> 
     </span>
     <span class='ocr_line' id='line_1_31' title="bbox 220 3868 851 3957; baseline 0.002 -22"><span class='ocrx_word' id='word_1_224' title='bbox 220 3880 323 3936; x_wconf 90' lang='lat' dir='ltr'>acuta</span> <span class='ocrx_word' id='word_1_225' title='bbox 346 3870 405 3953; x_wconf 73' lang='lat' dir='ltr'>sit,</span> <span class='ocrx_word' id='word_1_226' title='bbox 430 3873 522 3957; x_wconf 80' lang='lat' dir='ltr'>qued</span> <span class='ocrx_word' id='word_1_227' title='bbox 541 3868 649 3937; x_wconf 88' lang='lat' dir='ltr'>etiam</span> <span class='ocrx_word' id='word_1_228' title='bbox 671 3869 708 3936; x_wconf 92' lang='lat' dir='ltr'>in</span> <span class='ocrx_word' id='word_1_229' title='bbox 732 3874 766 3939; x_wconf 99' lang='lat' dir='ltr'>V</span> <span class='ocrx_word' id='word_1_230' title='bbox 789 3880 851 3936; x_wconf 88' lang='lat' dir='ltr'>est</span> 
     </span>
    </p>
   </div>
   <div class='ocr_carea' id='block_1_10' title="bbox 219 4082 1392 4384">
    <p class='ocr_par' dir='ltr' id='par_1_13' title="bbox 219 4082 1392 4384">
     <span class='ocr_line' id='line_1_32' title="bbox 377 4082 1391 4172; baseline -0.001 -21"><span class='ocrx_word' id='word_1_231' title='bbox 377 4089 444 4153; x_wconf 85' lang='lat' dir='ltr'>iab.</span> <span class='ocrx_word' id='word_1_232' title='bbox 464 4085 545 4168; x_wconf 45' lang='lat'>1231</span> <span class='ocrx_word' id='word_1_233' title='bbox 582 4084 794 4172; x_wconf 82' lang='lat' dir='ltr'>serpentibus</span> <span class='ocrx_word' id='word_1_234' title='bbox 829 4083 985 4166; x_wconf 81' lang='lat' dir='ltr'>crinitae,</span> <span class='ocrx_word' id='word_1_235' title='bbox 1022 4084 1061 4150; x_wconf 92' lang='lat' dir='ltr'>cf.</span> <span class='ocrx_word' id='word_1_236' title='bbox 1097 4082 1178 4150; x_wconf 91' lang='lat' dir='ltr'>Isid.</span> <span class='ocrx_word' id='word_1_237' title='bbox 1214 4086 1271 4153; x_wconf 91' lang='lat' dir='ltr'>Or.</span> <span class='ocrx_word' id='word_1_238' title='bbox 1301 4088 1391 4154; x_wconf 93' lang='lat' dir='ltr'>VIII</span> 
     </span>
     <span class='ocr_line' id='line_1_33' title="bbox 222 4187 1392 4278; baseline -0.001 -20"><span class='ocrx_word' id='word_1_239' title='bbox 222 4197 270 4275; x_wconf 94' lang='lat' dir='ltr'>ll,</span> <span class='ocrx_word' id='word_1_240' title='bbox 287 4196 342 4258; x_wconf 84' lang='lat'>95:</span> <span class='ocrx_word' id='word_1_241' title='bbox 366 4190 501 4258; x_wconf 90' lang='lat' dir='ltr'>Aiunt.</span> <span class='ocrx_word' id='word_1_242' title='bbox 518 4243 524 4257; x_wconf 93' lang='lat'>.</span> <span class='ocrx_word' id='word_1_243' title='bbox 542 4242 548 4256; x_wconf 94' lang='lat'>.</span> <span class='ocrx_word' id='word_1_244' title='bbox 573 4190 681 4257; x_wconf 87' lang='lat' dir='ltr'>furias</span> <span class='ocrx_word' id='word_1_245' title='bbox 698 4188 848 4257; x_wconf 86' lang='lat' dir='ltr'>feminas</span> <span class='ocrx_word' id='word_1_246' title='bbox 865 4187 1009 4257; x_wconf 86' lang='lat' dir='ltr'>crinitas</span> <span class='ocrx_word' id='word_1_247' title='bbox 1025 4190 1255 4278; x_wconf 88' lang='lat' dir='ltr'>serpentibus.</span> <span class='ocrx_word' id='word_1_248' title='bbox 1276 4192 1392 4260; x_wconf 88' lang='lat' dir='ltr'>Schol.</span> 
     </span>
     <span class='ocr_line' id='line_1_34' title="bbox 219 4295 1204 4384; baseline 0 -20"><span class='ocrx_word' id='word_1_249' title='bbox 219 4302 303 4373; x_wconf 89' lang='lat' dir='ltr'>Luc.</span> <span class='ocrx_word' id='word_1_250' title='bbox 328 4301 344 4363; x_wconf 98' lang='lat' dir='ltr'>I</span> <span class='ocrx_word' id='word_1_251' title='bbox 369 4303 449 4365; x_wconf 85' lang='lat'>574:</span> <span class='ocrx_word' id='word_1_252' title='bbox 474 4320 537 4384; x_wconf 92' lang='lat' dir='ltr'>pro</span> <span class='ocrx_word' id='word_1_253' title='bbox 563 4295 718 4364; x_wconf 90' lang='lat' dir='ltr'>crinibus</span> <span class='ocrx_word' id='word_1_254' title='bbox 741 4297 837 4364; x_wconf 91' lang='lat' dir='ltr'>enim</span> <span class='ocrx_word' id='word_1_255' title='bbox 860 4309 1040 4384; x_wconf 88' lang='lat' dir='ltr'>serpentes</span> <span class='ocrx_word' id='word_1_256' title='bbox 1063 4298 1204 4364; x_wconf 84' lang='lat' dir='ltr'>habent</span> 
     </span>
    </p>
   </div>
   <div class='ocr_carea' id='block_1_11' title="bbox 1303 4436 1321 4494">
    <p class='ocr_par' dir='ltr' id='par_1_14' title="bbox 1303 4436 1321 4494">
     <span class='ocr_line' id='line_1_35' title="bbox 1303 4436 1321 4494; baseline 0 0"><span class='ocrx_word' id='word_1_257' title='bbox 1303 4436 1321 4494; x_wconf 86' lang='lat'>5</span> 
     </span>
    </p>
   </div>
   <div class='ocr_carea' id='block_1_12' title="bbox 0 0 1688 4867">
    <p class='ocr_par' dir='ltr' id='par_1_15' title="bbox 0 0 1688 4867">
     <span class='ocr_line' id='line_1_36' title="bbox 0 0 1688 4867; baseline 0 2"><span class='ocrx_word' id='word_1_258' title='bbox 0 0 1688 4867; x_wconf 95' lang='lat' dir='ltr'> </span> 
     </span>
    </p>
   </div>
  </div>
 </body>
</html>
