3367 4867
776 319 998 381 ..82-

293 550 423 597 nomen
449 528 588 596 iuvenis
610 540 704 597 recte
722 527 884 613 Perdicas
908 527 1078 615 scriptum
1102 539 1163 594 est.
1199 530 1301 612 Quae
1316 527 1472 617 primum

293 636 339 702 de
368 636 539 720 Perdicca,
570 634 762 703 Alexandri
792 639 808 700 Ι
841 633 936 721 regis
970 634 1205 701 Macedonum
1237 633 1321 717 lilio,
1355 657 1474 702 narra-

294 744 432 826 bantur,
460 754 583 830 postea
607 742 642 808 in
669 741 857 825 Perdicem,
888 741 1016 809 sororis
1040 742 1188 808 Daedali
1213 741 1337 827 lilium,
1361 754 1473 810 trans·

294 851 366 917 lata
382 851 507 938 sunt1),
531 874 552 916 a
572 872 641 936 quo
666 871 796 916 serram
820 849 1004 916 inventam
1028 870 1105 915 esse
1119 847 1286 934 permulti
1310 859 1473 916 auctores

294 967 483 1026 testantur:
510 961 604 1043 Hyg.
622 958 689 1023 fab.
707 961 757 1022 39.
783 957 815 1025 S.
842 957 938 1022 Gal
968 960 1037 1021 143.
1062 956 1167 1022 schol.
1194 954 1295 1022 Ovid.
1321 957 1370 1023 Ib.
1396 960 1471 1023 498.

295 1065 393 1130 Narr.
418 1065 484 1131 fab.
502 1067 572 1133 VII
598 1068 626 1146 8,
643 1068 671 1130 3.
696 1061 777 1130 Isid.
803 1063 860 1130 Or.
886 1065 975 1129 XIX
1003 1067 1050 1145 19,
1067 1067 1095 1128 9.

402 1196 431 1236 v.
450 1175 484 1239 6:
509 1172 580 1239 Sed
603 1181 644 1238 ut
661 1170 861 1237 Fenestella
886 1168 1059 1237 Martialis
1081 1168 1203 1237 scribit
1219 1172 1265 1251 R3
1290 1171 1351 1235 sed
1376 1181 1418 1237 ut
1432 1169 1471 1235 in

296 1277 495 1347 Fenestella
519 1276 691 1344 Martialis
716 1275 837 1342 scribit
861 1280 901 1345 V.
933 1277 1112 1342 Martialis
1135 1276 1236 1362 Fulg.
1262 1277 1304 1361 G,
1332 1278 1474 1342 Marcu-

294 1385 365 1449 ocis
388 1388 430 1466 D,
460 1386 499 1449 in
523 1385 669 1450 arcariis
693 1387 733 1467 R,
763 1385 800 1448 ziz
828 1384 998 1449 archiatris
1027 1383 1095 1466 PE,
1126 1384 1164 1448 in
1193 1383 1336 1449 arcz'ucir
1359 1386 1405 1466 H,
1434 1385 1473 1448 in

295 1492 454 1557 urcilocis
476 1489 556 1556 TM.
597 1490 842 1574 Fenestellam,
866 1489 1094 1556 historiarum
1117 1489 1331 1576 scriptorem,
1355 1512 1472 1577 neque

296 1596 495 1664 Martialem
519 1598 736 1685 appellatum
760 1619 836 1664 esse
861 1619 977 1684 neque
999 1595 1161 1664 archaica
1177 1595 1357 1684 scripsisse
1380 1596 1474 1665 inter

295 1725 418 1770 omues
432 1715 577 1772 constat
602 1702 743 1771 Nonius
756 1703 869 1772 tribus
878 1702 965 1770 locis
975 1704 1018 1793 (p.
1031 1708 1102 1786 154,
1118 1709 1165 1770 17.
1191 1708 1264 1788 221,
1277 1708 1327 1770 36.
1351 1709 1426 1787 385,
1440 1707 1473 1792 7)

295 1811 440 1877 annales
466 1810 685 1878 Fenestellae
714 1810 850 1894 tribuit,
880 1810 1000 1897 itaque
1027 1810 1208 1897 probabile
1236 1809 1325 1877 mihi
1353 1822 1407 1878 est
1434 1812 1473 1877 in

296 1918 483 1983 naturalibus
506 1917 542 1985 in
566 1920 664 1985 fonte
688 1916 804 1985 luisse.
1185 2004 1190 2009 1

401 2030 469 2092 ν.8
494 2027 536 2091 et'
555 2026 700 2092 interire
724 2027 871 2091 athletos
898 2048 973 2089 suos
1002 2024 1164 2091 librarius
1194 2027 1266 2091 cod.
1291 2022 1395 2093 Vind.
1427 2048 1473 2092 ex

295 2138 329 2198 et
351 2133 567 2198 contiroletus
588 2155 666 2197 suos
689 2132 852 2218 corrupit

401 2263 432 2303 v.
453 2243 488 2303 ll
518 2237 633 2324 Fulg.:
658 2239 702 2304 ob
727 2261 833 2324 quam
857 2261 930 2304 rem
952 2251 1100 2304 matrem
1125 2238 1225 2325 quasi
1248 2253 1376 2306 terram
1400 2262 1474 2305 orn·
1547 2273 1550 2279 ⁴

296 2343 396 2409 nium
420 2341 628 2430 genitricem
653 2366 790 2411 amasse
814 2343 950 2412 dicitur.

403 2451 689 2538 Mythographus
717 2452 817 2518 nullo
845 2453 916 2518 iere
945 2453 1021 2519 loco
1053 2452 1235 2539 Fulgentii
1264 2452 1381 2520 verbis
1410 2453 1474 2520 im-

294 2559 442 2628 mutatis
470 2560 563 2626 hanc
591 2560 748 2626 tabulam
777 2558 970 2646 exscripsit,
1000 2558 1067 2625 nisi
1098 2562 1192 2646 quod
1221 2560 1257 2625 in
1287 2585 1317 2627 v.
1344 2565 1363 2625 6
1391 2572 1474 2647 post

296 2668 425 2734 dicatur
438 2664 587 2753 Vergilii
605 2667 712 2733 verba
728 2690 749 2733 a
764 2666 792 2731 F
794 2665 956 2753 ulgentio
972 2667 1116 2733 laudata
1132 2665 1251 2734 omisit
1279 2670 1373 2733 sicut
1396 2670 1473 2734 Vir·

290 2776 403 2861 gilius
425 2774 494 2839 ait:
526 2776 622 2840 Nam
639 2777 793 2860 pristiam
816 2776 930 2840 conen
959 2774 1162 2839 scindebant
1182 2776 1299 2860 fissile
1328 2777 1473 2862 lz'gnm

298 2880 498 2947 Perdiccam
518 2891 668 2948 matrem
692 2882 798 2947 deum
815 2881 990 2948 amavisse
1007 2882 1117 2966 Myth.
1142 2880 1218 2969 ipse
1241 2879 1308 2948 sibi
1324 2880 1473 2949 finxisse

295 2986 436 3054 videtur
459 3010 500 3053 ea
524 2988 672 3054 tortasse
694 2986 739 3052 de
756 3008 871 3070 causa,
896 2989 989 3074 quod
1014 3009 1111 3053 amor
1127 2986 1271 3055 illicitus
1289 2987 1473 3055 Perdiccae

296 3115 380 3178 erga
403 3104 553 3159 matrem
577 3115 676 3159 suam
702 3093 957 3181 Mythographi
979 3094 1139 3160 animum
1163 3095 1319 3163 offendit
1430 3180 1432 3188 Ι

456 3275 523 3338 rab.
544 3277 721 3350 Mans-21
749 3293 768 3336 e
793 3271 897 3379 Fulg'„
913 3276 967 3337 III
997 3278 1032 3338 ll
1060 3297 1091 3361 p.
1111 3279 1276 3356 mna—2⁴.

403 3422 433 3464 v.
455 3402 494 3463 15
512 3398 576 3464 Ful
582 3422 613 3484 g.
632 3410 667 3466 et
682 3402 715 3466 V
731 3398 888 3463 Phineus
904 3399 1003 3464 enim.
1034 3401 1134 3483 Quae
1151 3396 1352 3466 coniunctio
1369 3421 1473 3486 copu-

295 3504 406 3571 lativa
441 3504 678 3591 aFulgentio
706 3503 928 3593 ineptissime
968 3528 1011 3570 ex
1046 3508 1207 3592 exemplo
1242 3504 1472 3593 transscripta

296 3634 317 3677 a
340 3610 481 3678 librario
505 3613 577 3678 cod.
602 3610 706 3679 Vind.
731 3624 871 3680 servata
895 3623 956 3694 est,
984 3633 1198 3699 quamquam
1221 3614 1315 3697 apud
1339 3623 1473 3680 utrum-

296 3738 365 3803 que
403 3718 439 3783 in
470 3720 537 3785 lab.
571 3718 793 3804 praecedenti
832 3744 904 3786 vox
938 3718 1061 3786 Phinei
1096 3719 1241 3786 omnino
1276 3742 1347 3786 non
1381 3742 1474 3786 com·

295 3836 517 3892 memoratur.

403 3955 434 3997 v.
456 3937 495 3999 19
518 3957 539 3997 a
555 3940 729 4021 conspectu
754 3934 855 4020 Fulg.
881 3945 917 4000 et
933 3937 974 4016 V,
997 3936 1038 3999 ab
1054 3942 1192 4021 aspectu
1216 3939 1256 4000 R.
1297 3939 1351 4003 De
1367 3934 1472 4023 serip-

298 4051 375 4105 tura
401 4042 498 4106 Zetes
522 4042 561 4107 cl.
586 4064 691 4128 supra
716 4064 746 4128 p.
772 4045 821 4107 29.

394 4151 511 4161 um

298 4279 326 4338 G
347 4279 366 4337 d
406 4183 432 4271 ¹)
452 4189 622 4342 giRohde⁹
646 4191 710 4249 Der
725 4189 850 4249 Griech.
866 4191 984 4249 Roman
1008 4212 1038 4266 p.
1056 4190 1108 4252 54.
1134 4193 1287 4251 Baehrens
1302 4191 1402 4250 Uned.
1420 4193 1474 4250 lat.

328 4298 429 4354 e.p.
497 4299 541 4355 sq.
