3367 4867
799 314 999 373 ..4-

316 515 582 609 Mythographo
620 530 741 587 nostro
776 522 924 588 adsutae
964 542 1008 587 ex
1039 520 1271 608 Argumentis
1307 524 1497 592 Metamor-

315 627 476 715 phoseon
490 625 610 695 Ovidii
627 637 712 695 suut
727 629 944 716 desumptae.
973 626 1112 695 Deinde
1127 629 1222 715 quod
1239 629 1284 696 ad
1299 628 1493 696 lectionum

316 732 490 801 rationem
507 733 644 819 attinet,
665 755 756 821 qnae
770 733 864 801 inter
879 733 1035 801 codicem
1050 746 1211 801 nostrum
1227 747 1264 803 et
1278 735 1493 805 Vaticanum

316 842 504 928 lontesque
520 840 775 930 Mythographi
798 840 994 925 intercedit,
1017 840 1077 907 ille
1093 863 1307 929 quamquam
1330 854 1367 910 et
1382 865 1404 910 a
1418 842 1492 910 cod.

316 945 396 1016 Vat
424 958 461 1013 et
487 970 509 1014 a
538 948 792 1037 Mythographi
815 946 975 1015 lontibus
1007 969 1277 1034 nonnumquam
1310 949 1497 1037 discrepat,

317 1064 436 1122 tamen
461 1054 622 1143 plurimis
645 1054 731 1122 locis
755 1066 877 1122 contra
892 1053 1107 1123 Vaticanum
1131 1076 1211 1120 cum
1232 1055 1392 1123 lontibus
1413 1071 1494 1123 con·

317 1160 435 1251 spirat
483 1163 581 1247 Quas
597 1160 848 1229 similitudines
871 1161 1051 1248 graviores
1073 1172 1167 1227 certe
1182 1182 1305 1228 omnes
1329 1184 1393 1228 suo
1416 1164 1493 1230 loco

318 1270 471 1337 afferam.
518 1269 608 1335 Inde
635 1268 791 1335 codicem
819 1267 934 1352 Vind.,
969 1269 1035 1336 etsi
1069 1268 1155 1334 satis
1182 1267 1305 1334 multis
1332 1268 1431 1335 vitiis
1458 1279 1499 1337 et

318 1374 492 1442 erroribus
521 1375 568 1442 sit
589 1374 796 1456 maculatus,
824 1376 870 1440 ad
899 1377 1100 1463 exemplum
1127 1375 1242 1441 multo
1269 1373 1397 1440 melius
1423 1374 1495 1458 illo,

318 1501 364 1548 ex
386 1502 457 1567 quo
480 1481 591 1547 codex
606 1483 684 1549 Vat
705 1479 858 1564 fluxerit,
881 1479 994 1548 redire
1009 1481 1217 1548 concludere
1232 1481 1321 1548 licet
1368 1484 1495 1569 Itaque

319 1587 430 1655 codex
444 1598 573 1670 noster,
596 1588 691 1674 quod
706 1586 902 1655 maximum
918 1597 981 1671 est,
997 1589 1042 1654 ad
1057 1589 1190 1655 multos
1205 1589 1301 1655 locos
1316 1588 1494 1655 sanandos

318 1696 535 1780 lacunasque
561 1695 754 1782 explendas
782 1693 993 1762 utilissimus
1021 1706 1083 1779 est,
1117 1694 1290 1784 imprimis
1318 1696 1364 1761 ad
1398 1694 1501 1761 restis

320 1800 452 1869 tuenda
468 1822 510 1867 ea
525 1802 707 1885 vocabula,
730 1823 821 1889 quae
842 1802 927 1891 quia
941 1801 1097 1891 „pudicis
1118 1802 1261 1869 auribus
1282 1801 1496 1889 ingratiora“

319 1918 446 1993 essent,
470 1907 603 1976 aMaio
618 1918 753 1977 remota
776 1921 868 1976 sunt
916 1909 985 1975 His
1008 1908 1104 1975 enim
1125 1909 1219 1992 locis,
1240 1908 1369 1995 quibus
1384 1909 1496 1974 codex

319 2014 471 2085 Vindob.
495 2027 618 2084 contra
641 2026 779 2084 textum
814 2014 901 2082 Maii
924 2014 1150 2082 consentiens
1183 2035 1263 2081 cum
1292 2014 1496 2081 auctoribus

320 2143 344 2189 a
358 2122 623 2209 Mythographo
639 2120 824 2210 descriptis
839 2122 1053 2189 vocabulum
1067 2121 1188 2188 minus
1197 2120 1367 2209 pudicum
1382 2121 1501 2204 offert

320 2227 469 2295 dubium
491 2249 564 2294 non
587 2239 650 2310 est,
674 2226 760 2315 quin
782 2226 892 2294 etiam
914 2227 1026 2297 Vatic
1050 2227 1145 2294 idem
1167 2229 1345 2296 habuerit:

505 2386 621 2455 Maius
644 2398 680 2456 et
704 2386 849 2455 Bodius:
1003 2387 1107 2472 Fons,
1130 2392 1219 2473 Vat,
1242 2389 1362 2458 Vind.:

409 2514 477 2581 lab.
547 2518 605 2599 8‚s:
629 2512 695 2580 sibi
719 2512 941 2603 copulavisse
964 2535 1028 2601 pro
1053 2512 1300 2602 compressisse

409 2622 477 2689 lab.
524 2625 604 2707 30,1:
628 2643 702 2688 rem
725 2620 853 2689 habuit
979 2671 995 2705 „
1042 2620 1233 2692 concubuit

410 2729 478 2797 lab.
525 2734 621 2814 blaa:
644 2751 719 2797 rem
733 2719 869 2797 'habuit
980 2778 997 2813 „
1043 2726 1234 2795 concubuit

410 2836 478 2903 lab.
525 2840 605 2920 35p:
629 2857 780 2903 venerea
802 2857 858 2902 res
936 2829 938 2832 ’
978 2886 995 2920 ,,
1040 2858 1191 2903 venerea
1214 2836 1381 2924 voluptas

410 2942 477 3009 lab.
525 2941 815 3029 47(p.14,rr):rem
826 2941 954 3010 habuit
977 2993 994 3026 „
1040 2943 1231 3011 concubuit

413 3049 481 3116 lab.
528 3051 608 3131 622:
631 3068 706 3114 rem
728 3046 876 3113 haberet
978 3099 996 3132 ‚,
1042 3049 1149 3116 coiret

410 3156 478 3222 fab.
526 3159 606 3238 84,u:
629 3152 679 3219 rei
703 3151 902 3239 coniugalis
978 3205 996 3239 „
1042 3154 1155 3222 coitus

341 3307 343 3311 -
411 3258 896 3346 iab.106,2:remhabuisse
978 3310 995 3344 ‚‚
1040 3259 1272 3327 concubuisse

412 3371 480 3438 lab.
508 3373 623 3453 ll2poz
646 3389 721 3434 rem
743 3365 871 3434 habuit
979 3417 997 3450 „
1042 3366 1234 3434 concubuit

411 3478 480 3544 lab.
507 3481 623 3560 laun:
646 3496 720 3541 rem
742 3472 871 3541 habuit
978 3525 995 3557 „
1041 3472 1231 3540 concubuit

412 3584 480 3653 lab.
507 3587 624 3668 lasau:
647 3604 722 3649 rem
744 3579 872 3648 habuit
977 3631 994 3664 „
1040 3579 1231 3646 concubuit
1289 3644 1291 3647 ,

412 3691 481 3758 fab.
508 3694 623 3775 132,u:
647 3711 721 3756 rem
744 3688 872 3756 habuit
975 3739 991 3771 „
1038 3685 1228 3753 concubuit

322 3844 330 3866 2<
413 3797 481 3865 fab.
509 3801 625 3881 14632:
649 3794 778 3864 amoris
975 3844 993 3878 „
1039 3792 1153 3860 coitus

413 3904 481 3972 fab.
509 3906 625 3988 148as:
649 3902 779 3971 amoris
976 3952 994 3985 „
1039 3898 1248 3967 concubitus

329 4071 332 4077 .
413 4011 481 4078 fab.
509 4013 624 4094 148ar:
649 4009 835 4099 complexu
977 4058 995 4092 ,‚
1041 4028 1250 4095 compressu.

432 4157 516 4222 Non
540 4152 642 4234 aliter
664 4152 742 4221 sine
757 4151 866 4220 dubio
888 4150 925 4218 in
942 4149 1086 4239 reliquis
1105 4149 1235 4218 labulis
1249 4172 1305 4218 res
1328 4172 1366 4217 se
1381 4148 1501 4233 habet,

325 4283 541 4354 quamquam
564 4259 695 4329 codicis
717 4259 821 4329 Vind.
846 4257 1050 4328 testimonio
1073 4258 1126 4326 uti
1149 4281 1221 4327 non
1246 4257 1341 4326 licet:
