3367 4867
719 282 941 342 -94-

247 489 349 555 bulas
373 491 493 572 (verba
510 489 773 578 Mythographi,
797 513 888 577 quae
904 490 1010 557 etiam
1032 489 1068 556 in
1085 489 1229 556 scholiis
1245 492 1425 576 leguntur,

249 593 376 663 litteris
400 596 553 664 diductis
577 596 827 684 distinguan1):

356 723 466 811 Myth.
484 725 563 792 Vat.
583 725 618 788 II
648 727 723 789 163:
748 726 866 795 Lerna
881 725 983 812 palus
999 775 1006 790 .
1022 773 1032 791 .
1047 774 1055 791 .
1070 722 1148 805 luit,
1172 721 1209 788 in
1227 744 1296 809 qua
1311 723 1425 808 hydra

247 828 361 895 bestia
377 841 460 913 erat,
484 833 515 901 L
539 829 656 917 capita
678 830 815 896 habens
834 831 901 912 vel,
925 842 966 896 ut
989 828 1049 895 alii
1072 828 1205 914 dicunt,
1222 831 1309 913 V11;
1334 851 1425 915 quae

248 934 377 1006 Latine
400 935 529 1004 dicitur
544 947 690 1005 excetra.
729 940 823 1003 Nam
848 937 1002 1003 Hercule
1025 959 1103 1003 eam
1119 936 1327 1019 debellante,
1352 957 1424 1002 uno

249 1042 364 1130 capite
387 1065 497 1126 caeso,
526 1042 593 1110 tria
617 1043 733 1132 capita
761 1045 972 1112 crescebant.
1019 1046 1136 1128 Quam
1167 1045 1310 1110 demum
1338 1042 1425 1129 igne

248 1148 375 1216 vicisse
399 1149 533 1218 dicitur.
581 1151 652 1219 Sed
676 1162 815 1218 constat
837 1151 987 1236 hydram
1009 1152 1126 1218 locum
1149 1150 1259 1217 luisse
1282 1171 1426 1217 vomen-

249 1268 320 1324 tem
350 1280 469 1344 aquas,
504 1270 687 1327 vastantes
715 1256 869 1325 vicinam
898 1256 1086 1326 civitatem.
1145 1258 1216 1342 Qui
1252 1279 1333 1324 cum
1360 1259 1426 1323 fre-

249 1375 399 1450 quenter
422 1364 619 1447 siccaretur,
644 1387 684 1430 ac
707 1364 940 1451 multiplicius
968 1387 1080 1452 aquae
1103 1375 1336 1453 erumperent,
1360 1385 1424 1453 pro

248 1492 320 1536 uno
336 1472 434 1537 fonte
451 1469 563 1537 tribus
580 1469 852 1557 emergentibus
870 1473 1042 1538 Hercules
1058 1470 1291 1560 deprehendit
1314 1493 1424 1538 venas

250 1586 361 1643 terrae
385 1576 548 1643 incendio
564 1599 667 1663 posse
683 1577 808 1661 claudi,
832 1587 938 1664 atque
958 1577 1038 1644 ideo
1053 1589 1242 1667 postquam
1259 1577 1425 1646 exhausit

249 1685 401 1749 eundem
429 1686 554 1768 locum,
582 1683 704 1770 ignem
733 1683 896 1752 adhibuit
924 1697 959 1752 et
987 1684 1036 1751 sic
1065 1708 1177 1772 aquae
1206 1686 1333 1753 clausit
1354 1707 1425 1751 me

248 1800 337 1873 atuS,
361 1803 397 1857 et
420 1788 648 1859 habitabilem
672 1790 843 1857 Arcadiae
867 1792 956 1857 lecit.

248 1970 363 2037 Schol.
383 1975 465 2044 Luc.
484 1974 535 2039 IV
557 1976 620 2037 634
671 1972 767 2039 Serv.
785 1972 845 2037 Ae.
859 1974 910 2038 VI
937 1975 1000 2036 287
1035 1972 1038 2041 l
1096 1969 1284 2037 sch.Tl1.I
1309 1976 1373 2037 384

295 2096 419 2181 Hydra
452 2107 527 2162 erat
555 2119 622 2162 ser·
696 2096 859 2180 Hydram
929 2048 1039 2184 diciti
1097 2098 1231 2167 Lerna
1299 2098 1425 2184 palus

248 2223 337 2289 pens
395 2206 425 2274 L
464 2203 621 2268 habens
650 2225 740 2288 quae
763 2201 831 2269 luit
855 2201 890 2268 in
908 2206 1023 2275 Lema
1050 2199 1144 2285 fuit,
1191 2224 1294 2290 quae
1333 2224 1424 2268 cum

249 2306 386 2396 capita
433 2309 513 2392 vel,
574 2320 623 2375 ut
650 2308 1023 2395 Argivorumpalude;
1051 2309 1296 2395 frequenter
1352 2308 1425 2376 sic·

249 2413 417 2500 quidam
463 2413 622 2500 dicunt,
650 2415 712 2482 sed
739 2414 891 2488 Latine
914 2440 1025 2484 exce·
1052 2426 1216 2482 caretur
1243 2438 1284 2481 ac
1307 2418 1424 2483 denuo

248 2523 329 2603 VII,
364 2545 453 2609 quae
481 2545 623 2590 omnem
651 2533 716 2590 tra
733 2522 900 2607 dicitur,
916 2524 1024 2610 quod
1051 2519 1255 2608 impleretur
1315 2523 1425 2609 aquis

249 2627 430 2714 regionem
481 2632 623 2699 devora·
650 2653 732 2697 uno
779 2653 898 2697 caeso
945 2629 1024 2698 tria
1052 2630 1257 2696 Hercules
1285 2632 1425 2717 depre-

249 2733 309 2803 vit.
347 2738 450 2820 Quod
468 2760 548 2804 cum
565 2763 623 2806 au·
652 2737 1024 2824 capitaexcresce·
1078 2735 1227 2809 hendit
1272 2760 1403 2804 venas

250 2840 359 2908 disset
442 2847 622 2931 Hercules
650 2845 758 2911 bant
814 2845 894 2912 Sed
934 2867 1025 2911 con·
1052 2853 1190 2909 terrae
1229 2843 1424 2912 incendio

250 2948 623 3019 adienseamdebel-
650 2962 739 3018 stat
771 2951 944 3035 hydram
972 2954 1024 3017 lo
1051 2969 1174 3033 posse
1207 2951 1423 3039 praecludi

249 3055 371 3137 lavit,
400 3068 436 3122 et
458 3078 521 3141 pro
551 3081 622 3126 uno
651 3079 740 3123 cum
786 3056 922 3125 luisse
960 3083 1024 3125 vo
1051 3070 1176 3146 atque
1199 3060 1300 3145 ideo,
1316 3071 1425 3149 post-

250 3160 623 3246 capiteincisotriain·
650 3176 829 3232 mentem
887 3188 1023 3253 aquas,
1052 3189 1170 3256 quam
1228 3165 1424 3234 exhausit

250 3270 457 3355 surgebant,
519 3295 623 3358 quae
650 3283 868 3340 vastantes
928 3271 1024 3338 vici·
1052 3296 1151 3357 eam,
1187 3272 1326 3360 ignem
1361 3274 1424 3341 ad-

249 3387 396 3461 postea
434 3376 532 3465 igne
569 3379 623 3448 vi-·
651 3402 743 3446 nam
798 3378 1024 3462 civitatem,
1050 3381 1203 3467 hibuit,
1232 3381 1319 3450 etsi
1354 3401 1424 3468 qua

251 3481 359 3549 cisse
375 3484 537 3553 dicitur.
569 3491 622 3554 Re
651 3485 687 3552 in
712 3508 782 3574 quo
809 3509 886 3552 uno·
904 3499 1024 3553 meatu
1052 3492 1149 3557 unda
1163 3488 1425 3577 prorumpebat,

250 3602 370 3658 autem
404 3615 487 3659 vera
520 3596 622 3680 palus
696 3595 815 3661 clauso
853 3593 979 3661 multi
1052 3594 1235 3664 obstruxit.

250 3697 326 3780 luit,
343 3721 433 3784 quae
445 3711 557 3768 totam
573 3726 623 3770 re·
688 3702 978 3789 erumpebant:

251 3802 394 3890 gionem
415 3806 621 3880 devastavit
651 3811 744 3897 quod
773 3810 947 3876 Hercules
975 3808 1026 3877 vi-

252 3912 368 3994 Quam
392 3934 472 3978 curn
490 3917 623 3985 Hercu·
650 3918 738 3985 dens
765 3919 842 3984 loca
869 3915 946 4003 ipsa
969 3941 1026 3985 ex·

251 4018 302 4085 les
317 4017 492 4088 exsiccare
507 4024 622 4110 vellet,
651 4021 741 4092 ussit
763 4034 805 4090 et
820 4022 880 4090 sic
894 4046 1025 4112 aquae

249 4150 323 4214 pro
338 4149 420 4196 uno
435 4130 623 4201 lonteex·
651 4129 805 4197 clausit
854 4141 1024 4201 meatus.

250 4235 381 4307 siccato
403 4249 486 4307 tres
502 4262 624 4306 emer·
